<?xml version="1.0" encoding="UTF-8"?>
<marc:collection xmlns:marc="http://www.loc.gov/MARC21/slim"
                 xmlns:xsi="http://www.w3.org/2001/XMLSchema-instance"
                 xmlns:lib="http://lib.washington.edu/hathiSpreadsheet"
                 xsi:schemaLocation="http://www.loc.gov/MARC21/slim http://www.loc.gov/standards/marcxml/schema/MARC21slim.xsd">
   <marc:record>
      <marc:leader>03723cas a2200733 i 4500</marc:leader>
      <marc:controlfield tag="001">99152319230001452</marc:controlfield>
      <marc:controlfield tag="005">20220213203725.0</marc:controlfield>
      <marc:controlfield tag="008">750727d18801959nyuar         1   a0eng c</marc:controlfield>
      <marc:datafield tag="010" ind1=" " ind2=" ">
         <marc:subfield code="a">   02002053 </marc:subfield>
      </marc:datafield>
      <marc:datafield tag="012" ind1=" " ind2=" ">
         <marc:subfield code="a">3</marc:subfield>
         <marc:subfield code="e">n</marc:subfield>
         <marc:subfield code="i">8608</marc:subfield>
         <marc:subfield code="j">1</marc:subfield>
      </marc:datafield>
      <marc:datafield tag="016" ind1="7" ind2=" ">
         <marc:subfield code="a">011140438</marc:subfield>
         <marc:subfield code="2">Uk</marc:subfield>
      </marc:datafield>
      <marc:datafield tag="019" ind1=" " ind2=" ">
         <marc:subfield code="a">2341391</marc:subfield>
         <marc:subfield code="a">1011688992</marc:subfield>
         <marc:subfield code="a">1063343687</marc:subfield>
         <marc:subfield code="a">1166482379</marc:subfield>
         <marc:subfield code="a">1166539336</marc:subfield>
         <marc:subfield code="a">1170480443</marc:subfield>
         <marc:subfield code="a">1230199664</marc:subfield>
         <marc:subfield code="a">1242811210</marc:subfield>
         <marc:subfield code="a">1246504222</marc:subfield>
      </marc:datafield>
      <marc:datafield tag="022" ind1="0" ind2=" ">
         <marc:subfield code="a">0097-6822</marc:subfield>
         <marc:subfield code="l">0097-6822</marc:subfield>
         <marc:subfield code="2">1</marc:subfield>
      </marc:datafield>
      <marc:datafield tag="024" ind1="8" ind2=" ">
         <marc:subfield code="a">x290064790</marc:subfield>
      </marc:datafield>
      <marc:datafield tag="035" ind1=" " ind2=" ">
         <marc:subfield code="a">10576300</marc:subfield>
      </marc:datafield>
      <marc:datafield tag="035" ind1=" " ind2=" ">
         <marc:subfield code="a">(OCoLC)01480830</marc:subfield>
         <marc:subfield code="z">(OCoLC)2341391</marc:subfield>
         <marc:subfield code="z">(OCoLC)1011688992</marc:subfield>
         <marc:subfield code="z">(OCoLC)1063343687</marc:subfield>
         <marc:subfield code="z">(OCoLC)1166482379</marc:subfield>
         <marc:subfield code="z">(OCoLC)1166539336</marc:subfield>
         <marc:subfield code="z">(OCoLC)1170480443</marc:subfield>
         <marc:subfield code="z">(OCoLC)1230199664</marc:subfield>
         <marc:subfield code="z">(OCoLC)1242811210</marc:subfield>
         <marc:subfield code="z">(OCoLC)1246504222</marc:subfield>
      </marc:datafield>
      <marc:datafield tag="035" ind1=" " ind2=" ">
         <marc:subfield code="a">(OCoLC)ocm01480830 </marc:subfield>
      </marc:datafield>
      <marc:datafield tag="035" ind1=" " ind2=" ">
         <marc:subfield code="a">(EXLNZ-01ALLIANCE_NETWORK)99114371010001451</marc:subfield>
      </marc:datafield>
      <marc:datafield tag="040" ind1=" " ind2=" ">
         <marc:subfield code="a">MUL</marc:subfield>
         <marc:subfield code="b">eng</marc:subfield>
         <marc:subfield code="e">rda</marc:subfield>
         <marc:subfield code="c">MUL</marc:subfield>
         <marc:subfield code="d">FUL</marc:subfield>
         <marc:subfield code="d">NSD</marc:subfield>
         <marc:subfield code="d">DLC</marc:subfield>
         <marc:subfield code="d">OCL</marc:subfield>
         <marc:subfield code="d">DLC</marc:subfield>
         <marc:subfield code="d">NSD</marc:subfield>
         <marc:subfield code="d">NYG</marc:subfield>
         <marc:subfield code="d">NST</marc:subfield>
         <marc:subfield code="d">DLC</marc:subfield>
         <marc:subfield code="d">NST</marc:subfield>
         <marc:subfield code="d">OCLCQ</marc:subfield>
         <marc:subfield code="d">LVB</marc:subfield>
         <marc:subfield code="d">KRTAS</marc:subfield>
         <marc:subfield code="d">OCLCQ</marc:subfield>
         <marc:subfield code="d">COO</marc:subfield>
         <marc:subfield code="d">UKMGB</marc:subfield>
         <marc:subfield code="d">OCLCF</marc:subfield>
         <marc:subfield code="d">OCLCO</marc:subfield>
         <marc:subfield code="d">NDD</marc:subfield>
         <marc:subfield code="d">I8M</marc:subfield>
         <marc:subfield code="d">OCLCQ</marc:subfield>
         <marc:subfield code="d">CSJ</marc:subfield>
         <marc:subfield code="d">OCLCQ</marc:subfield>
         <marc:subfield code="d">GILDS</marc:subfield>
         <marc:subfield code="d">OCLCO</marc:subfield>
         <marc:subfield code="d">OCLCQ</marc:subfield>
         <marc:subfield code="d">AU@</marc:subfield>
         <marc:subfield code="d">OCLCQ</marc:subfield>
         <marc:subfield code="d">BUB</marc:subfield>
         <marc:subfield code="d">LUN</marc:subfield>
      </marc:datafield>
      <marc:datafield tag="042" ind1=" " ind2=" ">
         <marc:subfield code="a">nsdp</marc:subfield>
         <marc:subfield code="a">pcc</marc:subfield>
      </marc:datafield>
      <marc:datafield tag="043" ind1=" " ind2=" ">
         <marc:subfield code="a">n-us---</marc:subfield>
      </marc:datafield>
      <marc:datafield tag="049" ind1=" " ind2=" ">
         <marc:subfield code="a">MAIN</marc:subfield>
      </marc:datafield>
      <marc:datafield tag="050" ind1="0" ind2="0">
         <marc:subfield code="a">TJ1</marc:subfield>
         <marc:subfield code="b">.A7</marc:subfield>
      </marc:datafield>
      <marc:datafield tag="082" ind1="0" ind2="4">
         <marc:subfield code="a">621/.05</marc:subfield>
      </marc:datafield>
      <marc:datafield tag="110" ind1="2" ind2=" ">
         <marc:subfield code="a">American Society of Mechanical Engineers.</marc:subfield>
      </marc:datafield>
      <marc:datafield tag="210" ind1="0" ind2=" ">
         <marc:subfield code="a">Trans. Am. Soc. Mech. Eng.</marc:subfield>
      </marc:datafield>
      <marc:datafield tag="222" ind1=" " ind2="0">
         <marc:subfield code="a">Transactions of the American Society of Mechanical Engineers</marc:subfield>
      </marc:datafield>
      <marc:datafield tag="245" ind1="1" ind2="0">
         <marc:subfield code="a">Transactions of the American Society of Mechanical Engineers.</marc:subfield>
      </marc:datafield>
      <marc:datafield tag="246" ind1="1" ind2="4">
         <marc:subfield code="a">ASME transactions</marc:subfield>
         <marc:subfield code="f">1927-&lt;1958&gt;</marc:subfield>
      </marc:datafield>
      <marc:datafield tag="246" ind1="3" ind2=" ">
         <marc:subfield code="a">Transactions of the ASME</marc:subfield>
      </marc:datafield>
      <marc:datafield tag="264" ind1=" " ind2="1">
         <marc:subfield code="a">New York City :</marc:subfield>
         <marc:subfield code="b">The Society,</marc:subfield>
         <marc:subfield code="c">[1880]-</marc:subfield>
      </marc:datafield>
      <marc:datafield tag="300" ind1=" " ind2=" ">
         <marc:subfield code="a">volumes :</marc:subfield>
         <marc:subfield code="b">illustrations, portraits ;</marc:subfield>
         <marc:subfield code="c">24-29 cm</marc:subfield>
      </marc:datafield>
      <marc:datafield tag="310" ind1=" " ind2=" ">
         <marc:subfield code="a">Annual</marc:subfield>
      </marc:datafield>
      <marc:datafield tag="336" ind1=" " ind2=" ">
         <marc:subfield code="a">text</marc:subfield>
         <marc:subfield code="b">txt</marc:subfield>
         <marc:subfield code="2">rdacontent</marc:subfield>
      </marc:datafield>
      <marc:datafield tag="337" ind1=" " ind2=" ">
         <marc:subfield code="a">unmediated</marc:subfield>
         <marc:subfield code="b">n</marc:subfield>
         <marc:subfield code="2">rdamedia</marc:subfield>
      </marc:datafield>
      <marc:datafield tag="338" ind1=" " ind2=" ">
         <marc:subfield code="a">volume</marc:subfield>
         <marc:subfield code="b">nc</marc:subfield>
         <marc:subfield code="2">rdacarrier</marc:subfield>
      </marc:datafield>
      <marc:datafield tag="362" ind1="0" ind2=" ">
         <marc:subfield code="a">Vol. 1 (1880)-</marc:subfield>
      </marc:datafield>
      <marc:datafield tag="530" ind1=" " ind2=" ">
         <marc:subfield code="a">Also issued online.</marc:subfield>
      </marc:datafield>
      <marc:datafield tag="555" ind1=" " ind2=" ">
         <marc:subfield code="a">Vols. 1 (1880)-45 (1923). 1 v.</marc:subfield>
      </marc:datafield>
      <marc:datafield tag="580" ind1=" " ind2=" ">
         <marc:subfield code="a">Includes, -1958: Transactions of the ASME, and Journal of applied mechanics (called Applied mechanics, 1933); 1959-&lt;1967&gt;: Journal of engineering for power, Journal of engineering for industry, Journal of heat transfer, Journal of basic engineering, and Journal of applied mechanics; &lt;1967-&gt;: Journal of lubrication technology.</marc:subfield>
      </marc:datafield>
      <marc:datafield tag="520" ind1=" " ind2=" ">
         <marc:subfield code="a">Vols. 2, 4-11, 62-&lt;68&gt; include the Society's Membership list.</marc:subfield>
      </marc:datafield>
      <marc:datafield tag="588" ind1=" " ind2=" ">
         <marc:subfield code="a">Latest issue consulted: Vol. 89 (1967).</marc:subfield>
      </marc:datafield>
      <marc:datafield tag="590" ind1=" " ind2=" ">
         <marc:subfield code="a">suppress code i</marc:subfield>
         <marc:subfield code="9">LOCAL</marc:subfield>
      </marc:datafield>
      <marc:datafield tag="650" ind1=" " ind2="0">
         <marc:subfield code="a">Mechanical engineering</marc:subfield>
         <marc:subfield code="v">Periodicals.</marc:subfield>
      </marc:datafield>
      <marc:datafield tag="650" ind1=" " ind2="6">
         <marc:subfield code="a">Génie mécanique</marc:subfield>
         <marc:subfield code="v">Périodiques.</marc:subfield>
      </marc:datafield>
      <marc:datafield tag="650" ind1=" " ind2="7">
         <marc:subfield code="a">Mechanical engineering.</marc:subfield>
         <marc:subfield code="2">fast</marc:subfield>
         <marc:subfield code="0">(OCoLC)fst01013375</marc:subfield>
      </marc:datafield>
      <marc:datafield tag="655" ind1=" " ind2="7">
         <marc:subfield code="a">Periodicals.</marc:subfield>
         <marc:subfield code="2">fast</marc:subfield>
         <marc:subfield code="0">(OCoLC)fst01411641</marc:subfield>
      </marc:datafield>
      <marc:datafield tag="655" ind1=" " ind2="7">
         <marc:subfield code="a">Periodicals.</marc:subfield>
         <marc:subfield code="2">lcgft</marc:subfield>
      </marc:datafield>
      <marc:datafield tag="776" ind1="0" ind2="8">
         <marc:subfield code="i">Online version:</marc:subfield>
         <marc:subfield code="a">American Society of Mechanical Engineers.</marc:subfield>
         <marc:subfield code="t">Transactions of the American Society of Mechanical Engineers</marc:subfield>
         <marc:subfield code="w">(OCoLC)560446957</marc:subfield>
      </marc:datafield>
      <marc:datafield tag="780" ind1="0" ind2="5">
         <marc:subfield code="a">American Society of Mechanical Engineers.</marc:subfield>
         <marc:subfield code="t">Record and index</marc:subfield>
         <marc:subfield code="w">(DLC)   28016707</marc:subfield>
         <marc:subfield code="w">(OCoLC)6431357</marc:subfield>
      </marc:datafield>
      <marc:datafield tag="787" ind1="1" ind2=" ">
         <marc:subfield code="t">Journal of engineering for power</marc:subfield>
         <marc:subfield code="x">0022-0825</marc:subfield>
         <marc:subfield code="w">(DLC)   61035744</marc:subfield>
         <marc:subfield code="w">(OCoLC)1754566</marc:subfield>
      </marc:datafield>
      <marc:datafield tag="787" ind1="1" ind2=" ">
         <marc:subfield code="t">Journal of engineering for industry</marc:subfield>
         <marc:subfield code="x">0022-0817</marc:subfield>
         <marc:subfield code="w">(DLC)   61039320</marc:subfield>
         <marc:subfield code="w">(OCoLC)1696421</marc:subfield>
      </marc:datafield>
      <marc:datafield tag="787" ind1="1" ind2=" ">
         <marc:subfield code="t">Journal of heat transfer</marc:subfield>
         <marc:subfield code="x">0022-1481</marc:subfield>
         <marc:subfield code="w">(DLC)   61019573</marc:subfield>
         <marc:subfield code="w">(OCoLC)1782922</marc:subfield>
      </marc:datafield>
      <marc:datafield tag="787" ind1="1" ind2=" ">
         <marc:subfield code="t">Journal of basic engineering</marc:subfield>
         <marc:subfield code="x">0021-9223</marc:subfield>
         <marc:subfield code="w">(DLC)   61035907</marc:subfield>
         <marc:subfield code="w">(OCoLC)1589561</marc:subfield>
      </marc:datafield>
      <marc:datafield tag="787" ind1="1" ind2=" ">
         <marc:subfield code="t">Journal of applied mechanics</marc:subfield>
         <marc:subfield code="x">0021-8936</marc:subfield>
         <marc:subfield code="w">(DLC)   43003478</marc:subfield>
         <marc:subfield code="w">(OCoLC)9763619</marc:subfield>
      </marc:datafield>
      <marc:datafield tag="787" ind1="1" ind2=" ">
         <marc:subfield code="t">Journal of lubrication technology</marc:subfield>
         <marc:subfield code="x">0022-2305</marc:subfield>
         <marc:subfield code="w">(DLC)sf 78000664</marc:subfield>
         <marc:subfield code="w">(OCoLC)1643051</marc:subfield>
      </marc:datafield>
      <marc:datafield tag="787" ind1="1" ind2=" ">
         <marc:subfield code="t">Applied mechanics</marc:subfield>
         <marc:subfield code="w">(DLC)   89657016</marc:subfield>
         <marc:subfield code="w">(OCoLC)5747865</marc:subfield>
      </marc:datafield>
      <marc:datafield tag="787" ind1="1" ind2=" ">
         <marc:subfield code="t">Transactions of the ASME</marc:subfield>
         <marc:subfield code="w">(DLC)sc 89034080</marc:subfield>
         <marc:subfield code="w">(OCoLC)19731523</marc:subfield>
      </marc:datafield>
      <marc:datafield tag="850" ind1=" " ind2=" ">
         <marc:subfield code="a">CU-I</marc:subfield>
         <marc:subfield code="a">DLC</marc:subfield>
         <marc:subfield code="a">MnU</marc:subfield>
         <marc:subfield code="a">N</marc:subfield>
         <marc:subfield code="a">NBuU-SE</marc:subfield>
      </marc:datafield>
      <marc:datafield tag="970" ind1=" " ind2=" ">
         <marc:subfield code="a">Set 222</marc:subfield>
         <marc:subfield code="9">LOCAL</marc:subfield>
      </marc:datafield>
      <marc:datafield tag="970" ind1=" " ind2=" ">
         <marc:subfield code="a">Set 344</marc:subfield>
         <marc:subfield code="9">LOCAL</marc:subfield>
      </marc:datafield>
      <marc:datafield tag="978" ind1=" " ind2=" ">
         <marc:subfield code="a">.b29133506</marc:subfield>
         <marc:subfield code="9">LOCAL</marc:subfield>
      </marc:datafield>
      <marc:datafield tag="979" ind1=" " ind2=" ">
         <marc:subfield code="a">NZ Boundwith record.</marc:subfield>
      </marc:datafield>
      <marc:datafield tag="994" ind1=" " ind2=" ">
         <marc:subfield code="a">92</marc:subfield>
         <marc:subfield code="b">OCACL</marc:subfield>
      </marc:datafield>
      <marc:datafield tag="955" ind1=" " ind2=" ">
         <marc:subfield code="b">39352001395052</marc:subfield>
         <marc:subfield code="v">v.1</marc:subfield>
      </marc:datafield>
   </marc:record>