
   <marc:record>
      <marc:leader>01935ccm a2200481Ia 4500</marc:leader>
      <marc:controlfield tag="001">99136669830001452</marc:controlfield>
      <marc:controlfield tag="005">20220309075037.0</marc:controlfield>
      <marc:controlfield tag="008">720404s1937    xxucob         n    zxx d</marc:controlfield>
      <marc:datafield tag="019" ind1=" " ind2=" ">
         <marc:subfield code="a">64024068</marc:subfield>
         <marc:subfield code="a">1098779299</marc:subfield>
      </marc:datafield>
      <marc:datafield tag="035" ind1=" " ind2=" ">
         <marc:subfield code="z">(OCoLC)ocm64024068</marc:subfield>
      </marc:datafield>
      <marc:datafield tag="035" ind1=" " ind2=" ">
         <marc:subfield code="a">(OCoLC)00275093</marc:subfield>
         <marc:subfield code="z">(OCoLC)64024068</marc:subfield>
         <marc:subfield code="z">(OCoLC)1098779299</marc:subfield>
      </marc:datafield>
      <marc:datafield tag="035" ind1=" " ind2=" ">
         <marc:subfield code="a">(OCoLC)ocm00275093 </marc:subfield>
      </marc:datafield>
      <marc:datafield tag="035" ind1=" " ind2=" ">
         <marc:subfield code="a">(EXLNZ-01ALLIANCE_NETWORK)99149506200001451</marc:subfield>
      </marc:datafield>
      <marc:datafield tag="040" ind1=" " ind2=" ">
         <marc:subfield code="a">CIN</marc:subfield>
         <marc:subfield code="b">eng</marc:subfield>
         <marc:subfield code="c">CIN</marc:subfield>
         <marc:subfield code="d">OCL</marc:subfield>
         <marc:subfield code="d">OCLCQ</marc:subfield>
         <marc:subfield code="d">OCLCG</marc:subfield>
         <marc:subfield code="d">TEF</marc:subfield>
         <marc:subfield code="d">COO</marc:subfield>
         <marc:subfield code="d">BCO</marc:subfield>
         <marc:subfield code="d">ZQP</marc:subfield>
         <marc:subfield code="d">OCLCQ</marc:subfield>
         <marc:subfield code="d">OCLCF</marc:subfield>
         <marc:subfield code="d">OCLCQ</marc:subfield>
         <marc:subfield code="d">WAU</marc:subfield>
         <marc:subfield code="d">NJR</marc:subfield>
         <marc:subfield code="d">OCL</marc:subfield>
         <marc:subfield code="d">ORU</marc:subfield>
         <marc:subfield code="d">OCLCO</marc:subfield>
      </marc:datafield>
      <marc:datafield tag="045" ind1=" " ind2=" ">
         <marc:subfield code="a">x1x3</marc:subfield>
      </marc:datafield>
      <marc:datafield tag="048" ind1=" " ind2=" ">
         <marc:subfield code="b">sa01</marc:subfield>
         <marc:subfield code="a">oa</marc:subfield>
      </marc:datafield>
      <marc:datafield tag="049" ind1=" " ind2=" ">
         <marc:subfield code="a">MAIN</marc:subfield>
      </marc:datafield>
      <marc:datafield tag="050" ind1=" " ind2="4">
         <marc:subfield code="a">M1012.S48</marc:subfield>
         <marc:subfield code="b">C6 1937</marc:subfield>
      </marc:datafield>
      <marc:datafield tag="100" ind1="1" ind2=" ">
         <marc:subfield code="a">Sessions, Roger,</marc:subfield>
         <marc:subfield code="d">1896-1985.</marc:subfield>
      </marc:datafield>
      <marc:datafield tag="240" ind1="1" ind2="0">
         <marc:subfield code="a">Concertos,</marc:subfield>
         <marc:subfield code="m">violin, orchestra</marc:subfield>
      </marc:datafield>
      <marc:datafield tag="245" ind1="1" ind2="0">
         <marc:subfield code="a">Concerto for violin and orchestra /</marc:subfield>
         <marc:subfield code="c">Roger Sessions.</marc:subfield>
      </marc:datafield>
      <marc:datafield tag="260" ind1=" " ind2=" ">
         <marc:subfield code="a">[United States] :</marc:subfield>
         <marc:subfield code="b">Edgar Stillman-Kelley Society,</marc:subfield>
         <marc:subfield code="c">©1937.</marc:subfield>
      </marc:datafield>
      <marc:datafield tag="300" ind1=" " ind2=" ">
         <marc:subfield code="a">1 study score (98 pages) ;</marc:subfield>
         <marc:subfield code="c">24 cm</marc:subfield>
      </marc:datafield>
      <marc:datafield tag="306" ind1=" " ind2=" ">
         <marc:subfield code="a">003500</marc:subfield>
      </marc:datafield>
      <marc:datafield tag="336" ind1=" " ind2=" ">
         <marc:subfield code="a">notated music</marc:subfield>
         <marc:subfield code="b">ntm</marc:subfield>
         <marc:subfield code="2">rdacontent</marc:subfield>
      </marc:datafield>
      <marc:datafield tag="337" ind1=" " ind2=" ">
         <marc:subfield code="a">unmediated</marc:subfield>
         <marc:subfield code="b">n</marc:subfield>
         <marc:subfield code="2">rdamedia</marc:subfield>
      </marc:datafield>
      <marc:datafield tag="338" ind1=" " ind2=" ">
         <marc:subfield code="a">volume</marc:subfield>
         <marc:subfield code="b">nc</marc:subfield>
         <marc:subfield code="2">rdacarrier</marc:subfield>
      </marc:datafield>
      <marc:datafield tag="348" ind1=" " ind2=" ">
         <marc:subfield code="a">study score</marc:subfield>
         <marc:subfield code="2">rdafnm</marc:subfield>
      </marc:datafield>
      <marc:datafield tag="382" ind1="0" ind2="1">
         <marc:subfield code="b">violin</marc:subfield>
         <marc:subfield code="n">1</marc:subfield>
         <marc:subfield code="a">orchestra</marc:subfield>
         <marc:subfield code="e">1</marc:subfield>
         <marc:subfield code="r">1</marc:subfield>
         <marc:subfield code="t">1</marc:subfield>
         <marc:subfield code="2">lcmpt</marc:subfield>
      </marc:datafield>
      <marc:datafield tag="386" ind1=" " ind2=" ">
         <marc:subfield code="a">Americans</marc:subfield>
         <marc:subfield code="2">lcdgt</marc:subfield>
      </marc:datafield>
      <marc:datafield tag="386" ind1=" " ind2=" ">
         <marc:subfield code="a">Men</marc:subfield>
         <marc:subfield code="2">lcdgt</marc:subfield>
      </marc:datafield>
      <marc:datafield tag="500" ind1=" " ind2=" ">
         <marc:subfield code="a">Copyright by Affiliated Music Corporation.</marc:subfield>
      </marc:datafield>
      <marc:datafield tag="500" ind1=" " ind2=" ">
         <marc:subfield code="a">"This is a reduced fascimile [sic] of the composers manuscript."</marc:subfield>
      </marc:datafield>
      <marc:datafield tag="500" ind1=" " ind2=" ">
         <marc:subfield code="a">Stamped on title page: John de Keyser and Company ..., Los Angeles, California.</marc:subfield>
      </marc:datafield>
      <marc:datafield tag="650" ind1=" " ind2="0">
         <marc:subfield code="a">Concertos (Violin)</marc:subfield>
         <marc:subfield code="v">Scores.</marc:subfield>
      </marc:datafield>
      <marc:datafield tag="650" ind1=" " ind2="7">
         <marc:subfield code="a">Concertos (Violin)</marc:subfield>
         <marc:subfield code="x">Scores.</marc:subfield>
         <marc:subfield code="2">fast</marc:subfield>
         <marc:subfield code="0">(OCoLC)fst01905547</marc:subfield>
      </marc:datafield>
      <marc:datafield tag="655" ind1=" " ind2="7">
         <marc:subfield code="a">Concertos.</marc:subfield>
         <marc:subfield code="2">lcgft</marc:subfield>
      </marc:datafield>
      <marc:datafield tag="655" ind1=" " ind2="7">
         <marc:subfield code="a">Scores.</marc:subfield>
         <marc:subfield code="2">lcgft</marc:subfield>
      </marc:datafield>
      <marc:datafield tag="655" ind1=" " ind2="7">
         <marc:subfield code="a">Concertos.</marc:subfield>
         <marc:subfield code="2">fast</marc:subfield>
         <marc:subfield code="0">(OCoLC)fst01726450</marc:subfield>
      </marc:datafield>
      <marc:datafield tag="655" ind1=" " ind2="7">
         <marc:subfield code="a">Scores.</marc:subfield>
         <marc:subfield code="2">fast</marc:subfield>
         <marc:subfield code="0">(OCoLC)fst01692898</marc:subfield>
      </marc:datafield>
      <marc:datafield tag="776" ind1="0" ind2="8">
         <marc:subfield code="i">Online version:</marc:subfield>
         <marc:subfield code="a">Sessions, Roger, 1896-1985.</marc:subfield>
         <marc:subfield code="s">Concerto, violin.</marc:subfield>
         <marc:subfield code="t">Concerto for violin and orchestra.</marc:subfield>
         <marc:subfield code="d">[n.p.] Edgar Stillman-Kelley Society [©1937]</marc:subfield>
         <marc:subfield code="w">(OCoLC)649007327</marc:subfield>
      </marc:datafield>
      <marc:datafield tag="978" ind1=" " ind2=" ">
         <marc:subfield code="a">.b29646601</marc:subfield>
         <marc:subfield code="9">LOCAL</marc:subfield>
      </marc:datafield>
      <marc:datafield tag="994" ind1=" " ind2=" ">
         <marc:subfield code="a">92</marc:subfield>
         <marc:subfield code="b">OCACL</marc:subfield>
      </marc:datafield>
      <marc:datafield tag="955" ind1=" " ind2=" ">
         <marc:subfield code="b">39352028520765</marc:subfield>
      </marc:datafield>
   </marc:record>