

   <marc:record>
      <marc:leader>02162cam a22004091  4500</marc:leader>
      <marc:controlfield tag="001">99128251380001452</marc:controlfield>
      <marc:controlfield tag="005">20220218155423.0</marc:controlfield>
      <marc:controlfield tag="008">740313s1899    ii       i    000 0 eng  </marc:controlfield>
      <marc:datafield tag="010" ind1=" " ind2=" ">
         <marc:subfield code="a">   74156725 </marc:subfield>
      </marc:datafield>
      <marc:datafield tag="019" ind1=" " ind2=" ">
         <marc:subfield code="a">316579259</marc:subfield>
         <marc:subfield code="a">1181107514</marc:subfield>
      </marc:datafield>
      <marc:datafield tag="035" ind1=" " ind2=" ">
         <marc:subfield code="z">(OCoLC)ocm316579259</marc:subfield>
      </marc:datafield>
      <marc:datafield tag="035" ind1=" " ind2=" ">
         <marc:subfield code="a">(OCoLC)00868200</marc:subfield>
         <marc:subfield code="z">(OCoLC)316579259</marc:subfield>
         <marc:subfield code="z">(OCoLC)1181107514</marc:subfield>
      </marc:datafield>
      <marc:datafield tag="035" ind1=" " ind2=" ">
         <marc:subfield code="a">(OCoLC)ocm00868200 </marc:subfield>
      </marc:datafield>
      <marc:datafield tag="035" ind1=" " ind2=" ">
         <marc:subfield code="a">(EXLNZ-01ALLIANCE_NETWORK)99147805830001451</marc:subfield>
      </marc:datafield>
      <marc:datafield tag="040" ind1=" " ind2=" ">
         <marc:subfield code="a">DLC</marc:subfield>
         <marc:subfield code="b">eng</marc:subfield>
         <marc:subfield code="c">DLC</marc:subfield>
         <marc:subfield code="d">OCLCQ</marc:subfield>
         <marc:subfield code="d">OCLCG</marc:subfield>
         <marc:subfield code="d">OCLCO</marc:subfield>
         <marc:subfield code="d">OCLCQ</marc:subfield>
         <marc:subfield code="d">OCLCF</marc:subfield>
         <marc:subfield code="d">EUM</marc:subfield>
         <marc:subfield code="d">OCLCO</marc:subfield>
      </marc:datafield>
      <marc:datafield tag="043" ind1=" " ind2=" ">
         <marc:subfield code="a">a-ii---</marc:subfield>
      </marc:datafield>
      <marc:datafield tag="049" ind1=" " ind2=" ">
         <marc:subfield code="a">MAIN</marc:subfield>
      </marc:datafield>
      <marc:datafield tag="050" ind1="0" ind2="0">
         <marc:subfield code="a">DS485.B59</marc:subfield>
         <marc:subfield code="b">B532 1899</marc:subfield>
      </marc:datafield>
      <marc:datafield tag="100" ind1="1" ind2=" ">
         <marc:subfield code="a">Forrest, George,</marc:subfield>
         <marc:subfield code="c">Sir,</marc:subfield>
         <marc:subfield code="d">1846-1926.</marc:subfield>
      </marc:datafield>
      <marc:datafield tag="245" ind1="1" ind2="0">
         <marc:subfield code="a">Index to the Selections from the letters, despatches, and other state papers preserved in the Bombay Secretariat: Maratha series, v. I, pts. 1, 2, and 3;</marc:subfield>
         <marc:subfield code="b">and Home series, v. I and II.</marc:subfield>
      </marc:datafield>
      <marc:datafield tag="260" ind1=" " ind2=" ">
         <marc:subfield code="a">Bombay,</marc:subfield>
         <marc:subfield code="b">Printed at the Govt. Central Press,</marc:subfield>
         <marc:subfield code="c">1899.</marc:subfield>
      </marc:datafield>
      <marc:datafield tag="300" ind1=" " ind2=" ">
         <marc:subfield code="a">40, 79 pages</marc:subfield>
         <marc:subfield code="c">31 cm</marc:subfield>
      </marc:datafield>
      <marc:datafield tag="336" ind1=" " ind2=" ">
         <marc:subfield code="a">text</marc:subfield>
         <marc:subfield code="b">txt</marc:subfield>
         <marc:subfield code="2">rdacontent</marc:subfield>
      </marc:datafield>
      <marc:datafield tag="337" ind1=" " ind2=" ">
         <marc:subfield code="a">unmediated</marc:subfield>
         <marc:subfield code="b">n</marc:subfield>
         <marc:subfield code="2">rdamedia</marc:subfield>
      </marc:datafield>
      <marc:datafield tag="338" ind1=" " ind2=" ">
         <marc:subfield code="a">volume</marc:subfield>
         <marc:subfield code="b">nc</marc:subfield>
         <marc:subfield code="2">rdacarrier</marc:subfield>
      </marc:datafield>
      <marc:datafield tag="651" ind1=" " ind2="0">
         <marc:subfield code="a">Bombay (India : State)</marc:subfield>
         <marc:subfield code="x">History</marc:subfield>
         <marc:subfield code="x">Sources.</marc:subfield>
      </marc:datafield>
      <marc:datafield tag="651" ind1=" " ind2="7">
         <marc:subfield code="a">India</marc:subfield>
         <marc:subfield code="z">Bombay (State)</marc:subfield>
         <marc:subfield code="2">fast</marc:subfield>
         <marc:subfield code="0">(OCoLC)fst01331972</marc:subfield>
      </marc:datafield>
      <marc:datafield tag="610" ind1="1" ind2="0">
         <marc:subfield code="a">Bombay (Presidency).</marc:subfield>
         <marc:subfield code="b">Secretariat.</marc:subfield>
         <marc:subfield code="t">Selections from the letters, despatches, and other state papers preserved in the Bombay Secretariat</marc:subfield>
         <marc:subfield code="v">Indexes.</marc:subfield>
      </marc:datafield>
      <marc:datafield tag="610" ind1="1" ind2="4">
         <marc:subfield code="a">Bombay (Presidency).</marc:subfield>
         <marc:subfield code="b">Secretariat.</marc:subfield>
         <marc:subfield code="t">Selections from the letters, despatches, and other state papers preserved in the Bombay Secretariat</marc:subfield>
         <marc:subfield code="x">Indexes.</marc:subfield>
      </marc:datafield>
      <marc:datafield tag="655" ind1=" " ind2="7">
         <marc:subfield code="a">History.</marc:subfield>
         <marc:subfield code="2">fast</marc:subfield>
         <marc:subfield code="0">(OCoLC)fst01411628</marc:subfield>
      </marc:datafield>
      <marc:datafield tag="655" ind1=" " ind2="7">
         <marc:subfield code="a">Indexes.</marc:subfield>
         <marc:subfield code="2">fast</marc:subfield>
         <marc:subfield code="0">(OCoLC)fst01423761</marc:subfield>
      </marc:datafield>
      <marc:datafield tag="655" ind1=" " ind2="7">
         <marc:subfield code="a">Sources.</marc:subfield>
         <marc:subfield code="2">fast</marc:subfield>
         <marc:subfield code="0">(OCoLC)fst01423900</marc:subfield>
      </marc:datafield>
      <marc:datafield tag="710" ind1="1" ind2=" ">
         <marc:subfield code="a">Bombay (Presidency).</marc:subfield>
         <marc:subfield code="b">Secretariat.</marc:subfield>
         <marc:subfield code="t">Selections from the letters, despatches, and other state papers preserved in the Bombay Secretariat.</marc:subfield>
      </marc:datafield>
      <marc:datafield tag="776" ind1="0" ind2="8">
         <marc:subfield code="i">Online version:</marc:subfield>
         <marc:subfield code="a">Forrest, George, Sir, 1846-1926.</marc:subfield>
         <marc:subfield code="t">Index to the Selections from the letters, despatches, and other state papers preserved in the Bombay Secretariat: Maratha series, v. I, pts. 1, 2, and 3.</marc:subfield>
         <marc:subfield code="d">Bombay, Printed at the Govt. Central Press, 1899</marc:subfield>
         <marc:subfield code="w">(OCoLC)768292492</marc:subfield>
      </marc:datafield>
      <marc:datafield tag="973" ind1=" " ind2=" ">
         <marc:subfield code="a">pbooks</marc:subfield>
      </marc:datafield>
      <marc:datafield tag="978" ind1=" " ind2=" ">
         <marc:subfield code="a">.b75407747</marc:subfield>
         <marc:subfield code="9">local</marc:subfield>
      </marc:datafield>
      <marc:datafield tag="994" ind1=" " ind2=" ">
         <marc:subfield code="a">92</marc:subfield>
         <marc:subfield code="b">OCACL</marc:subfield>
      </marc:datafield>
      <marc:datafield tag="955" ind1=" " ind2=" ">
         <marc:subfield code="b">39352075904573</marc:subfield>
      </marc:datafield>
   </marc:record>