
   <marc:record>
      <marc:leader>02595cas a2200601 a 4500</marc:leader>
      <marc:controlfield tag="001">99162021925101452</marc:controlfield>
      <marc:controlfield tag="005">20220306144947.0</marc:controlfield>
      <marc:controlfield tag="008">800319d1978199uinuar     r   0   a0eng c</marc:controlfield>
      <marc:datafield tag="010" ind1=" " ind2=" ">
         <marc:subfield code="a">   90656474 </marc:subfield>
         <marc:subfield code="z">cn 94301291 </marc:subfield>
      </marc:datafield>
      <marc:datafield tag="012" ind1=" " ind2=" ">
         <marc:subfield code="a">2</marc:subfield>
         <marc:subfield code="i">9102</marc:subfield>
         <marc:subfield code="j">0</marc:subfield>
         <marc:subfield code="l">a</marc:subfield>
      </marc:datafield>
      <marc:datafield tag="015" ind1=" " ind2=" ">
         <marc:subfield code="a">943012910</marc:subfield>
         <marc:subfield code="2">can</marc:subfield>
      </marc:datafield>
      <marc:datafield tag="016" ind1=" " ind2=" ">
         <marc:subfield code="a">(AMICUS)000010291257</marc:subfield>
      </marc:datafield>
      <marc:datafield tag="022" ind1="0" ind2=" ">
         <marc:subfield code="a">1054-500X</marc:subfield>
         <marc:subfield code="l">1054-500X</marc:subfield>
         <marc:subfield code="2">1</marc:subfield>
      </marc:datafield>
      <marc:datafield tag="035" ind1=" " ind2=" ">
         <marc:subfield code="a">(OCoLC)06103593</marc:subfield>
      </marc:datafield>
      <marc:datafield tag="035" ind1=" " ind2=" ">
         <marc:subfield code="a">(OCoLC)ocm06103593 </marc:subfield>
      </marc:datafield>
      <marc:datafield tag="035" ind1=" " ind2=" ">
         <marc:subfield code="a">(EXLNZ-01ALLIANCE_NETWORK)99119095000001451</marc:subfield>
      </marc:datafield>
      <marc:datafield tag="040" ind1=" " ind2=" ">
         <marc:subfield code="a">CLE</marc:subfield>
         <marc:subfield code="b">eng</marc:subfield>
         <marc:subfield code="c">CLE</marc:subfield>
         <marc:subfield code="d">IUL</marc:subfield>
         <marc:subfield code="d">DLC</marc:subfield>
         <marc:subfield code="d">NSD</marc:subfield>
         <marc:subfield code="d">NST</marc:subfield>
         <marc:subfield code="d">DLC</marc:subfield>
         <marc:subfield code="d">NST</marc:subfield>
         <marc:subfield code="d">IUL</marc:subfield>
         <marc:subfield code="d">COO</marc:subfield>
         <marc:subfield code="d">NST</marc:subfield>
         <marc:subfield code="d">EYM</marc:subfield>
         <marc:subfield code="d">DLC</marc:subfield>
         <marc:subfield code="d">NLC</marc:subfield>
         <marc:subfield code="d">NYP</marc:subfield>
         <marc:subfield code="d">DLC</marc:subfield>
         <marc:subfield code="d">NSD</marc:subfield>
         <marc:subfield code="d">IUL</marc:subfield>
         <marc:subfield code="d">OCLCQ</marc:subfield>
         <marc:subfield code="d">OCLCF</marc:subfield>
         <marc:subfield code="d">P4I</marc:subfield>
         <marc:subfield code="d">OCLCO</marc:subfield>
         <marc:subfield code="d">OCLCQ</marc:subfield>
         <marc:subfield code="d">OCLCO</marc:subfield>
      </marc:datafield>
      <marc:datafield tag="042" ind1=" " ind2=" ">
         <marc:subfield code="a">pcc</marc:subfield>
         <marc:subfield code="a">nsdp</marc:subfield>
         <marc:subfield code="a">nlc</marc:subfield>
      </marc:datafield>
      <marc:datafield tag="043" ind1=" " ind2=" ">
         <marc:subfield code="a">n-us---</marc:subfield>
      </marc:datafield>
      <marc:datafield tag="049" ind1=" " ind2=" ">
         <marc:subfield code="a">MAIN</marc:subfield>
      </marc:datafield>
      <marc:datafield tag="050" ind1="0" ind2="0">
         <marc:subfield code="a">HX654</marc:subfield>
         <marc:subfield code="b">.D57</marc:subfield>
      </marc:datafield>
      <marc:datafield tag="082" ind1="0" ind2="4">
         <marc:subfield code="a">335.973</marc:subfield>
      </marc:datafield>
      <marc:datafield tag="210" ind1="0" ind2=" ">
         <marc:subfield code="a">Dir. intent. communities</marc:subfield>
      </marc:datafield>
      <marc:datafield tag="222" ind1=" " ind2="0">
         <marc:subfield code="a">Directory of intentional communities</marc:subfield>
      </marc:datafield>
      <marc:datafield tag="245" ind1="0" ind2="0">
         <marc:subfield code="a">Directory of intentional communities.</marc:subfield>
      </marc:datafield>
      <marc:datafield tag="246" ind1="3" ind2="0">
         <marc:subfield code="a">Intentional communities</marc:subfield>
      </marc:datafield>
      <marc:datafield tag="260" ind1=" " ind2=" ">
         <marc:subfield code="a">Evansville, Ind. :</marc:subfield>
         <marc:subfield code="b">Fellowship for Intentional Community ;</marc:subfield>
         <marc:subfield code="a">Stelle, Ill. :</marc:subfield>
         <marc:subfield code="b">Communities Publications Cooperative</marc:subfield>
      </marc:datafield>
      <marc:datafield tag="300" ind1=" " ind2=" ">
         <marc:subfield code="a">volumes :</marc:subfield>
         <marc:subfield code="b">illustrations ;</marc:subfield>
         <marc:subfield code="c">28 cm</marc:subfield>
      </marc:datafield>
      <marc:datafield tag="310" ind1=" " ind2=" ">
         <marc:subfield code="a">Annual</marc:subfield>
      </marc:datafield>
      <marc:datafield tag="336" ind1=" " ind2=" ">
         <marc:subfield code="a">text</marc:subfield>
         <marc:subfield code="b">txt</marc:subfield>
         <marc:subfield code="2">rdacontent</marc:subfield>
      </marc:datafield>
      <marc:datafield tag="337" ind1=" " ind2=" ">
         <marc:subfield code="a">unmediated</marc:subfield>
         <marc:subfield code="b">n</marc:subfield>
         <marc:subfield code="2">rdamedia</marc:subfield>
      </marc:datafield>
      <marc:datafield tag="338" ind1=" " ind2=" ">
         <marc:subfield code="a">volume</marc:subfield>
         <marc:subfield code="b">nc</marc:subfield>
         <marc:subfield code="2">rdacarrier</marc:subfield>
      </marc:datafield>
      <marc:datafield tag="362" ind1="1" ind2=" ">
         <marc:subfield code="a">Began in 1978?</marc:subfield>
      </marc:datafield>
      <marc:datafield tag="515" ind1=" " ind2=" ">
         <marc:subfield code="a">Some editions updated in second printing; updated version of 1990/91 called 1991 ed.</marc:subfield>
      </marc:datafield>
      <marc:datafield tag="580" ind1=" " ind2=" ">
         <marc:subfield code="a">Volume for 1978 numbered as v. 35, no. 1 of Green revolution; and issue no. 30 of Communities.</marc:subfield>
      </marc:datafield>
      <marc:datafield tag="588" ind1=" " ind2=" ">
         <marc:subfield code="a">Description based on: 1990/91.</marc:subfield>
      </marc:datafield>
      <marc:datafield tag="650" ind1=" " ind2="0">
         <marc:subfield code="a">Collective settlements</marc:subfield>
         <marc:subfield code="z">United States</marc:subfield>
         <marc:subfield code="v">Directories.</marc:subfield>
      </marc:datafield>
      <marc:datafield tag="650" ind1=" " ind2="0">
         <marc:subfield code="a">Collective settlements</marc:subfield>
         <marc:subfield code="z">United States</marc:subfield>
         <marc:subfield code="x">Periodicals.</marc:subfield>
      </marc:datafield>
      <marc:datafield tag="650" ind1=" " ind2="6">
         <marc:subfield code="a">Communautés</marc:subfield>
         <marc:subfield code="z">États-Unis</marc:subfield>
         <marc:subfield code="x">Répertoires.</marc:subfield>
      </marc:datafield>
      <marc:datafield tag="650" ind1=" " ind2="6">
         <marc:subfield code="a">Communautés</marc:subfield>
         <marc:subfield code="z">États-Unis</marc:subfield>
         <marc:subfield code="x">Périodiques.</marc:subfield>
      </marc:datafield>
      <marc:datafield tag="650" ind1=" " ind2="6">
         <marc:subfield code="a">Communautés</marc:subfield>
         <marc:subfield code="z">États-Unis</marc:subfield>
         <marc:subfield code="v">Répertoires.</marc:subfield>
      </marc:datafield>
      <marc:datafield tag="650" ind1=" " ind2="7">
         <marc:subfield code="a">Collective settlements.</marc:subfield>
         <marc:subfield code="2">fast</marc:subfield>
         <marc:subfield code="0">(OCoLC)fst00867585</marc:subfield>
      </marc:datafield>
      <marc:datafield tag="651" ind1=" " ind2="7">
         <marc:subfield code="a">United States.</marc:subfield>
         <marc:subfield code="2">fast</marc:subfield>
         <marc:subfield code="0">(OCoLC)fst01204155</marc:subfield>
      </marc:datafield>
      <marc:datafield tag="655" ind1=" " ind2="7">
         <marc:subfield code="a">Directories.</marc:subfield>
         <marc:subfield code="2">fast</marc:subfield>
         <marc:subfield code="0">(OCoLC)fst01423796</marc:subfield>
      </marc:datafield>
      <marc:datafield tag="730" ind1="0" ind2=" ">
         <marc:subfield code="a">Green revolution.</marc:subfield>
      </marc:datafield>
      <marc:datafield tag="730" ind1="0" ind2=" ">
         <marc:subfield code="a">Communities (Louisa, Va.)</marc:subfield>
      </marc:datafield>
      <marc:datafield tag="710" ind1="2" ind2=" ">
         <marc:subfield code="a">Fellowship for Intentional Community.</marc:subfield>
      </marc:datafield>
      <marc:datafield tag="710" ind1="2" ind2=" ">
         <marc:subfield code="a">Communities Publications Cooperative.</marc:subfield>
      </marc:datafield>
      <marc:datafield tag="785" ind1="0" ind2="0">
         <marc:subfield code="t">Communities directory</marc:subfield>
         <marc:subfield code="x">1088-8349</marc:subfield>
         <marc:subfield code="w">(DLC)   96642177</marc:subfield>
         <marc:subfield code="w">(OCoLC)32605029</marc:subfield>
      </marc:datafield>
      <marc:datafield tag="787" ind1="1" ind2=" ">
         <marc:subfield code="t">Green revolution</marc:subfield>
         <marc:subfield code="x">0017-3983</marc:subfield>
         <marc:subfield code="w">(DLC)sn 78001066</marc:subfield>
         <marc:subfield code="w">(OCoLC)1751579</marc:subfield>
      </marc:datafield>
      <marc:datafield tag="787" ind1="1" ind2=" ">
         <marc:subfield code="t">Communities (Louisa, Va.)</marc:subfield>
         <marc:subfield code="x">0199-9346</marc:subfield>
         <marc:subfield code="w">(DLC)   96645809</marc:subfield>
         <marc:subfield code="w">(OCoLC)3130385</marc:subfield>
      </marc:datafield>
      <marc:datafield tag="850" ind1=" " ind2=" ">
         <marc:subfield code="a">AAP</marc:subfield>
         <marc:subfield code="a">AzTeS</marc:subfield>
         <marc:subfield code="a">CSf</marc:subfield>
         <marc:subfield code="a">CSt</marc:subfield>
         <marc:subfield code="a">CoU</marc:subfield>
         <marc:subfield code="a">DLC</marc:subfield>
         <marc:subfield code="a">IC</marc:subfield>
         <marc:subfield code="a">ICarbS</marc:subfield>
         <marc:subfield code="a">InLP</marc:subfield>
         <marc:subfield code="a">InU</marc:subfield>
         <marc:subfield code="a">MiU</marc:subfield>
         <marc:subfield code="a">MoU</marc:subfield>
         <marc:subfield code="a">NBC</marc:subfield>
         <marc:subfield code="a">NIC</marc:subfield>
         <marc:subfield code="a">NN</marc:subfield>
         <marc:subfield code="a">NSyU</marc:subfield>
         <marc:subfield code="a">NcD</marc:subfield>
         <marc:subfield code="a">NcU</marc:subfield>
         <marc:subfield code="a">OCl</marc:subfield>
         <marc:subfield code="a">ViW</marc:subfield>
      </marc:datafield>
      <marc:datafield tag="994" ind1=" " ind2=" ">
         <marc:subfield code="a">92</marc:subfield>
         <marc:subfield code="b">OCACL</marc:subfield>
      </marc:datafield>
      <marc:datafield tag="955" ind1=" " ind2=" ">
         <marc:subfield code="b">39352078652765</marc:subfield>
      </marc:datafield>
   </marc:record>