
   <marc:record>
      <marc:leader>02315cam a2200493Ii 4500</marc:leader>
      <marc:controlfield tag="001">99126631760001452</marc:controlfield>
      <marc:controlfield tag="005">20220302153331.0</marc:controlfield>
      <marc:controlfield tag="008">780726s1910    gw acfj  b    001 0dger d</marc:controlfield>
      <marc:datafield tag="035" ind1=" " ind2=" ">
         <marc:subfield code="a">(OCoLC)04086479</marc:subfield>
      </marc:datafield>
      <marc:datafield tag="035" ind1=" " ind2=" ">
         <marc:subfield code="a">(OCoLC)ocm04086479 </marc:subfield>
      </marc:datafield>
      <marc:datafield tag="035" ind1=" " ind2=" ">
         <marc:subfield code="a">(EXLNZ-01ALLIANCE_NETWORK)99319201299801451</marc:subfield>
      </marc:datafield>
      <marc:datafield tag="040" ind1=" " ind2=" ">
         <marc:subfield code="a">GZM</marc:subfield>
         <marc:subfield code="b">eng</marc:subfield>
         <marc:subfield code="e">rda</marc:subfield>
         <marc:subfield code="c">FDA</marc:subfield>
         <marc:subfield code="d">FDA</marc:subfield>
         <marc:subfield code="d">OCL</marc:subfield>
         <marc:subfield code="d">OCLCQ</marc:subfield>
         <marc:subfield code="d">OCLCG</marc:subfield>
         <marc:subfield code="d">FDA</marc:subfield>
         <marc:subfield code="d">OCLCQ</marc:subfield>
         <marc:subfield code="d">OCLCF</marc:subfield>
         <marc:subfield code="d">OCLCO</marc:subfield>
         <marc:subfield code="d">OCL</marc:subfield>
         <marc:subfield code="d">OCLCA</marc:subfield>
         <marc:subfield code="d">OCLCQ</marc:subfield>
         <marc:subfield code="d">OCL</marc:subfield>
         <marc:subfield code="d">WAU</marc:subfield>
         <marc:subfield code="d">OCL</marc:subfield>
         <marc:subfield code="d">IL4J6</marc:subfield>
         <marc:subfield code="d">OCLCO</marc:subfield>
      </marc:datafield>
      <marc:datafield tag="043" ind1=" " ind2=" ">
         <marc:subfield code="a">e-ur---</marc:subfield>
      </marc:datafield>
      <marc:datafield tag="045" ind1=" " ind2=" ">
         <marc:subfield code="a">v9w3</marc:subfield>
      </marc:datafield>
      <marc:datafield tag="049" ind1=" " ind2=" ">
         <marc:subfield code="a">MAIN</marc:subfield>
      </marc:datafield>
      <marc:datafield tag="050" ind1=" " ind2="4">
         <marc:subfield code="a">DC235.1</marc:subfield>
         <marc:subfield code="b">.L69 1910</marc:subfield>
      </marc:datafield>
      <marc:datafield tag="100" ind1="1" ind2=" ">
         <marc:subfield code="a">Löwenstern, Eduard von,</marc:subfield>
         <marc:subfield code="d">1790-1837,</marc:subfield>
         <marc:subfield code="e">author.</marc:subfield>
      </marc:datafield>
      <marc:datafield tag="245" ind1="1" ind2="0">
         <marc:subfield code="a">Mit Graf Pahlens Reiterei gegen Napoleon :</marc:subfield>
         <marc:subfield code="b">Denkwürdigkeiten des russischen Generals Eduard von Löwenstern, 1790-1837 /</marc:subfield>
         <marc:subfield code="c">herausgegeben von Baron Georges Wrangell.</marc:subfield>
      </marc:datafield>
      <marc:datafield tag="264" ind1=" " ind2="1">
         <marc:subfield code="a">Berlin :</marc:subfield>
         <marc:subfield code="b">Ernst Siegfried Mittler und Sohn,</marc:subfield>
         <marc:subfield code="c">1910.</marc:subfield>
      </marc:datafield>
      <marc:datafield tag="300" ind1=" " ind2=" ">
         <marc:subfield code="a">xx, 338 pages, 3 unnumbered leaves of plates :</marc:subfield>
         <marc:subfield code="b">illustrations, folded genealogical table, portraits ;</marc:subfield>
         <marc:subfield code="c">22 cm</marc:subfield>
      </marc:datafield>
      <marc:datafield tag="336" ind1=" " ind2=" ">
         <marc:subfield code="a">text</marc:subfield>
         <marc:subfield code="b">txt</marc:subfield>
         <marc:subfield code="2">rdacontent</marc:subfield>
      </marc:datafield>
      <marc:datafield tag="337" ind1=" " ind2=" ">
         <marc:subfield code="a">unmediated</marc:subfield>
         <marc:subfield code="b">n</marc:subfield>
         <marc:subfield code="2">rdamedia</marc:subfield>
      </marc:datafield>
      <marc:datafield tag="338" ind1=" " ind2=" ">
         <marc:subfield code="a">volume</marc:subfield>
         <marc:subfield code="b">nc</marc:subfield>
         <marc:subfield code="2">rdacarrier</marc:subfield>
      </marc:datafield>
      <marc:datafield tag="546" ind1=" " ind2=" ">
         <marc:subfield code="a">In German</marc:subfield>
         <marc:subfield code="b">(Fraktur).</marc:subfield>
      </marc:datafield>
      <marc:datafield tag="504" ind1=" " ind2=" ">
         <marc:subfield code="a">Includes bibliographical references and index.</marc:subfield>
      </marc:datafield>
      <marc:datafield tag="650" ind1=" " ind2="0">
         <marc:subfield code="a">Napoleonic Wars, 1800-1815</marc:subfield>
         <marc:subfield code="v">Personal narratives.</marc:subfield>
      </marc:datafield>
      <marc:datafield tag="651" ind1=" " ind2="0">
         <marc:subfield code="a">Russia</marc:subfield>
         <marc:subfield code="x">History</marc:subfield>
         <marc:subfield code="y">Alexander I, 1801-1825.</marc:subfield>
      </marc:datafield>
      <marc:datafield tag="651" ind1=" " ind2="7">
         <marc:subfield code="a">Russia.</marc:subfield>
         <marc:subfield code="2">fast</marc:subfield>
         <marc:subfield code="0">(OCoLC)fst01207312</marc:subfield>
      </marc:datafield>
      <marc:datafield tag="651" ind1=" " ind2="7">
         <marc:subfield code="a">Russia</marc:subfield>
         <marc:subfield code="x">History</marc:subfield>
         <marc:subfield code="y">Alexander I, 1801-1825.</marc:subfield>
         <marc:subfield code="2">nli</marc:subfield>
      </marc:datafield>
      <marc:datafield tag="600" ind1="1" ind2="0">
         <marc:subfield code="a">Löwenstern, Eduard von,</marc:subfield>
         <marc:subfield code="d">1790-1837.</marc:subfield>
      </marc:datafield>
      <marc:datafield tag="600" ind1="0" ind2="0">
         <marc:subfield code="a">Napoleon</marc:subfield>
         <marc:subfield code="b">I,</marc:subfield>
         <marc:subfield code="c">Emperor of the French,</marc:subfield>
         <marc:subfield code="d">1769-1821.</marc:subfield>
      </marc:datafield>
      <marc:datafield tag="600" ind1="0" ind2="7">
         <marc:subfield code="a">Napoleon</marc:subfield>
         <marc:subfield code="b">I,</marc:subfield>
         <marc:subfield code="c">Emperor of the French,</marc:subfield>
         <marc:subfield code="d">1769-1821.</marc:subfield>
         <marc:subfield code="2">fast</marc:subfield>
         <marc:subfield code="0">(OCoLC)fst00035482</marc:subfield>
      </marc:datafield>
      <marc:datafield tag="600" ind1="1" ind2="7">
         <marc:subfield code="a">Löwenstern, Eduard von,</marc:subfield>
         <marc:subfield code="d">1790-1837.</marc:subfield>
         <marc:subfield code="2">fast</marc:subfield>
         <marc:subfield code="0">(OCoLC)fst01954283</marc:subfield>
      </marc:datafield>
      <marc:datafield tag="600" ind1="0" ind2="7">
         <marc:subfield code="a">Napoléon</marc:subfield>
         <marc:subfield code="b">I,</marc:subfield>
         <marc:subfield code="c">Emperor of the French,</marc:subfield>
         <marc:subfield code="d">1769-1821.</marc:subfield>
         <marc:subfield code="2">nli</marc:subfield>
      </marc:datafield>
      <marc:datafield tag="655" ind1=" " ind2="7">
         <marc:subfield code="a">Personal narratives.</marc:subfield>
         <marc:subfield code="2">fast</marc:subfield>
         <marc:subfield code="0">(OCoLC)fst01423843</marc:subfield>
      </marc:datafield>
      <marc:datafield tag="655" ind1=" " ind2="7">
         <marc:subfield code="a">History.</marc:subfield>
         <marc:subfield code="2">fast</marc:subfield>
         <marc:subfield code="0">(OCoLC)fst01411628</marc:subfield>
      </marc:datafield>
      <marc:datafield tag="655" ind1=" " ind2="7">
         <marc:subfield code="a">Personal narratives.</marc:subfield>
         <marc:subfield code="2">lcgft</marc:subfield>
      </marc:datafield>
      <marc:datafield tag="647" ind1=" " ind2="7">
         <marc:subfield code="a">Napoleonic Wars</marc:subfield>
         <marc:subfield code="d">(1800-1815)</marc:subfield>
         <marc:subfield code="2">fast</marc:subfield>
         <marc:subfield code="0">(OCoLC)fst01032683</marc:subfield>
      </marc:datafield>
      <marc:datafield tag="648" ind1=" " ind2="7">
         <marc:subfield code="a">1800-1825</marc:subfield>
         <marc:subfield code="2">fast</marc:subfield>
      </marc:datafield>
      <marc:datafield tag="776" ind1="0" ind2="8">
         <marc:subfield code="i">Online version:</marc:subfield>
         <marc:subfield code="a">Löwenstern, Eduard von, 1790-1837.</marc:subfield>
         <marc:subfield code="t">Mit Graf Pahlens Reiterei gegen Napoleon.</marc:subfield>
         <marc:subfield code="d">Berlin : E.S. Mittler, 1910</marc:subfield>
         <marc:subfield code="w">(OCoLC)758675886</marc:subfield>
      </marc:datafield>
      <marc:datafield tag="700" ind1="1" ind2=" ">
         <marc:subfield code="a">Wrangell, Georges,</marc:subfield>
         <marc:subfield code="c">Baron,</marc:subfield>
         <marc:subfield code="d">-1927,</marc:subfield>
         <marc:subfield code="e">editor.</marc:subfield>
      </marc:datafield>
      <marc:datafield tag="973" ind1=" " ind2=" ">
         <marc:subfield code="a">pbooks</marc:subfield>
      </marc:datafield>
      <marc:datafield tag="978" ind1=" " ind2=" ">
         <marc:subfield code="a">.b72158360</marc:subfield>
         <marc:subfield code="9">local</marc:subfield>
      </marc:datafield>
      <marc:datafield tag="994" ind1=" " ind2=" ">
         <marc:subfield code="a">92</marc:subfield>
         <marc:subfield code="b">OCACL</marc:subfield>
      </marc:datafield>
      <marc:datafield tag="955" ind1=" " ind2=" ">
         <marc:subfield code="b">39352078807989</marc:subfield>
      </marc:datafield>
   </marc:record>