
   <marc:record>
      <marc:leader>01148cas a2200313Ma 4500</marc:leader>
      <marc:controlfield tag="001">99155834370001452</marc:controlfield>
      <marc:controlfield tag="005">20220306171935.0</marc:controlfield>
      <marc:controlfield tag="008">060207d194u1946gw wr p      f0    0eng d</marc:controlfield>
      <marc:datafield tag="035" ind1=" " ind2=" ">
         <marc:subfield code="a">(OCoLC)85272368</marc:subfield>
      </marc:datafield>
      <marc:datafield tag="035" ind1=" " ind2=" ">
         <marc:subfield code="a">(OCoLC)ocm85272368 </marc:subfield>
      </marc:datafield>
      <marc:datafield tag="035" ind1=" " ind2=" ">
         <marc:subfield code="a">(EXLNZ-01ALLIANCE_NETWORK)99118434830001451</marc:subfield>
      </marc:datafield>
      <marc:datafield tag="040" ind1=" " ind2=" ">
         <marc:subfield code="a">WAU</marc:subfield>
         <marc:subfield code="b">eng</marc:subfield>
         <marc:subfield code="c">WAU</marc:subfield>
         <marc:subfield code="d">OCLCQ</marc:subfield>
         <marc:subfield code="d">OCLCO</marc:subfield>
         <marc:subfield code="d">WAU</marc:subfield>
         <marc:subfield code="d">OCLCA</marc:subfield>
         <marc:subfield code="d">OCLCQ</marc:subfield>
         <marc:subfield code="d">CUY</marc:subfield>
      </marc:datafield>
      <marc:datafield tag="049" ind1=" " ind2=" ">
         <marc:subfield code="a">MAIN</marc:subfield>
      </marc:datafield>
      <marc:datafield tag="086" ind1="0" ind2=" ">
         <marc:subfield code="a">W 108.23:</marc:subfield>
      </marc:datafield>
      <marc:datafield tag="245" ind1="0" ind2="0">
         <marc:subfield code="a">Information bulletin.</marc:subfield>
      </marc:datafield>
      <marc:datafield tag="260" ind1=" " ind2=" ">
         <marc:subfield code="a">[Frankfurt, Germany] :</marc:subfield>
         <marc:subfield code="b">United States Army Forces in the European Theater],</marc:subfield>
         <marc:subfield code="c">-1946.</marc:subfield>
      </marc:datafield>
      <marc:datafield tag="300" ind1=" " ind2=" ">
         <marc:subfield code="a">volumes :</marc:subfield>
         <marc:subfield code="b">illustrations ;</marc:subfield>
         <marc:subfield code="c">27 cm</marc:subfield>
      </marc:datafield>
      <marc:datafield tag="310" ind1=" " ind2=" ">
         <marc:subfield code="a">Weekly</marc:subfield>
      </marc:datafield>
      <marc:datafield tag="336" ind1=" " ind2=" ">
         <marc:subfield code="a">text</marc:subfield>
         <marc:subfield code="b">txt</marc:subfield>
         <marc:subfield code="2">rdacontent</marc:subfield>
      </marc:datafield>
      <marc:datafield tag="337" ind1=" " ind2=" ">
         <marc:subfield code="a">unmediated</marc:subfield>
         <marc:subfield code="b">n</marc:subfield>
         <marc:subfield code="2">rdamedia</marc:subfield>
      </marc:datafield>
      <marc:datafield tag="338" ind1=" " ind2=" ">
         <marc:subfield code="a">volume</marc:subfield>
         <marc:subfield code="b">nc</marc:subfield>
         <marc:subfield code="2">rdacarrier</marc:subfield>
      </marc:datafield>
      <marc:datafield tag="588" ind1="0" ind2=" ">
         <marc:subfield code="a">Vol. 1, no. 39 (20 January 1946); title from cover.</marc:subfield>
      </marc:datafield>
      <marc:datafield tag="588" ind1="1" ind2=" ">
         <marc:subfield code="a">Vol. 1, no. 48 (24 March, 1946).</marc:subfield>
      </marc:datafield>
      <marc:datafield tag="770" ind1="0" ind2=" ">
         <marc:subfield code="t">People vs. Nazism.</marc:subfield>
         <marc:subfield code="d">APO 757 : Information and Education, HQ USFET, US Army, 1946</marc:subfield>
         <marc:subfield code="w">(OCoLC)34270963</marc:subfield>
      </marc:datafield>
      <marc:datafield tag="785" ind1="0" ind2="0">
         <marc:subfield code="t">I &amp; E bulletin</marc:subfield>
         <marc:subfield code="w">(OCoLC)85272371</marc:subfield>
      </marc:datafield>
      <marc:datafield tag="710" ind1="1" ind2=" ">
         <marc:subfield code="a">United States.</marc:subfield>
         <marc:subfield code="b">Army.</marc:subfield>
         <marc:subfield code="b">Forces in the European Theater.</marc:subfield>
      </marc:datafield>
      <marc:datafield tag="970" ind1=" " ind2=" ">
         <marc:subfield code="a">gvsus</marc:subfield>
         <marc:subfield code="9">LOCAL</marc:subfield>
      </marc:datafield>
      <marc:datafield tag="978" ind1=" " ind2=" ">
         <marc:subfield code="a">.b54255417</marc:subfield>
         <marc:subfield code="9">LOCAL</marc:subfield>
      </marc:datafield>
      <marc:datafield tag="994" ind1=" " ind2=" ">
         <marc:subfield code="a">92</marc:subfield>
         <marc:subfield code="b">OCACL</marc:subfield>
      </marc:datafield>
      <marc:datafield tag="955" ind1=" " ind2=" ">
         <marc:subfield code="b">39352080512585</marc:subfield>
      </marc:datafield>
   </marc:record>