
   <marc:record>
      <marc:leader>01321cas a22003737  4500</marc:leader>
      <marc:controlfield tag="001">99161973520401452</marc:controlfield>
      <marc:controlfield tag="005">20220205170731.0</marc:controlfield>
      <marc:controlfield tag="008">900201d19361936cauuu        f0    0eng d</marc:controlfield>
      <marc:datafield tag="019" ind1=" " ind2=" ">
         <marc:subfield code="a">19969902</marc:subfield>
      </marc:datafield>
      <marc:datafield tag="035" ind1=" " ind2=" ">
         <marc:subfield code="a">(OCoLC)20987310</marc:subfield>
         <marc:subfield code="z">(OCoLC)19969902</marc:subfield>
      </marc:datafield>
      <marc:datafield tag="035" ind1=" " ind2=" ">
         <marc:subfield code="a">(OCoLC)ocm20987310 </marc:subfield>
      </marc:datafield>
      <marc:datafield tag="035" ind1=" " ind2=" ">
         <marc:subfield code="a">(EXLNZ-01ALLIANCE_NETWORK)99322724254201451</marc:subfield>
      </marc:datafield>
      <marc:datafield tag="040" ind1=" " ind2=" ">
         <marc:subfield code="a">LPU</marc:subfield>
         <marc:subfield code="b">eng</marc:subfield>
         <marc:subfield code="c">LPU</marc:subfield>
         <marc:subfield code="d">OCLCQ</marc:subfield>
         <marc:subfield code="d">OCLCF</marc:subfield>
         <marc:subfield code="d">OCLCO</marc:subfield>
         <marc:subfield code="d">WAU</marc:subfield>
         <marc:subfield code="d">OCLCA</marc:subfield>
         <marc:subfield code="d">OCLCQ</marc:subfield>
         <marc:subfield code="d">KAI</marc:subfield>
         <marc:subfield code="d">OCL</marc:subfield>
         <marc:subfield code="d">OCLCQ</marc:subfield>
      </marc:datafield>
      <marc:datafield tag="043" ind1=" " ind2=" ">
         <marc:subfield code="a">n-us-ca</marc:subfield>
         <marc:subfield code="a">n-usp--</marc:subfield>
      </marc:datafield>
      <marc:datafield tag="049" ind1=" " ind2=" ">
         <marc:subfield code="a">MAIN</marc:subfield>
      </marc:datafield>
      <marc:datafield tag="050" ind1=" " ind2="4">
         <marc:subfield code="a">PN2297</marc:subfield>
         <marc:subfield code="b">.P76</marc:subfield>
      </marc:datafield>
      <marc:datafield tag="082" ind1="0" ind2="4">
         <marc:subfield code="a">792.09</marc:subfield>
         <marc:subfield code="2">20</marc:subfield>
      </marc:datafield>
      <marc:datafield tag="086" ind1="0" ind2=" ">
         <marc:subfield code="a">Y 3.W 89/2:22 P 94x</marc:subfield>
      </marc:datafield>
      <marc:datafield tag="130" ind1="0" ind2=" ">
         <marc:subfield code="a">Federal Theatre Project.</marc:subfield>
      </marc:datafield>
      <marc:datafield tag="245" ind1="1" ind2="4">
         <marc:subfield code="a">The prompter.</marc:subfield>
      </marc:datafield>
      <marc:datafield tag="260" ind1=" " ind2=" ">
         <marc:subfield code="a">Los Angeles :</marc:subfield>
         <marc:subfield code="b">Western Region, Federal Theatre Project of the Works Progress Administration,</marc:subfield>
         <marc:subfield code="c">1936.</marc:subfield>
      </marc:datafield>
      <marc:datafield tag="300" ind1=" " ind2=" ">
         <marc:subfield code="a">volumes</marc:subfield>
         <marc:subfield code="b">illustrations</marc:subfield>
      </marc:datafield>
      <marc:datafield tag="336" ind1=" " ind2=" ">
         <marc:subfield code="a">text</marc:subfield>
         <marc:subfield code="b">txt</marc:subfield>
         <marc:subfield code="2">rdacontent</marc:subfield>
      </marc:datafield>
      <marc:datafield tag="337" ind1=" " ind2=" ">
         <marc:subfield code="a">unmediated</marc:subfield>
         <marc:subfield code="b">n</marc:subfield>
         <marc:subfield code="2">rdamedia</marc:subfield>
      </marc:datafield>
      <marc:datafield tag="338" ind1=" " ind2=" ">
         <marc:subfield code="a">volume</marc:subfield>
         <marc:subfield code="b">nc</marc:subfield>
         <marc:subfield code="2">rdacarrier</marc:subfield>
      </marc:datafield>
      <marc:datafield tag="362" ind1="1" ind2=" ">
         <marc:subfield code="a">Began and ceased with December, 1936.</marc:subfield>
      </marc:datafield>
      <marc:datafield tag="515" ind1=" " ind2=" ">
         <marc:subfield code="a">No more published.</marc:subfield>
      </marc:datafield>
      <marc:datafield tag="650" ind1=" " ind2="0">
         <marc:subfield code="a">Theater</marc:subfield>
         <marc:subfield code="z">California</marc:subfield>
         <marc:subfield code="z">Los Angeles.</marc:subfield>
      </marc:datafield>
      <marc:datafield tag="650" ind1=" " ind2="0">
         <marc:subfield code="a">Theater</marc:subfield>
         <marc:subfield code="z">West (U.S.)</marc:subfield>
      </marc:datafield>
      <marc:datafield tag="650" ind1=" " ind2="7">
         <marc:subfield code="a">Theater.</marc:subfield>
         <marc:subfield code="2">fast</marc:subfield>
         <marc:subfield code="0">(OCoLC)fst01149217</marc:subfield>
      </marc:datafield>
      <marc:datafield tag="651" ind1=" " ind2="7">
         <marc:subfield code="a">California</marc:subfield>
         <marc:subfield code="z">Los Angeles.</marc:subfield>
         <marc:subfield code="2">fast</marc:subfield>
         <marc:subfield code="0">(OCoLC)fst01204540</marc:subfield>
      </marc:datafield>
      <marc:datafield tag="651" ind1=" " ind2="7">
         <marc:subfield code="a">West United States.</marc:subfield>
         <marc:subfield code="2">fast</marc:subfield>
         <marc:subfield code="0">(OCoLC)fst01243255</marc:subfield>
      </marc:datafield>
      <marc:datafield tag="655" ind1=" " ind2="7">
         <marc:subfield code="a">Periodicals.</marc:subfield>
         <marc:subfield code="2">fast</marc:subfield>
         <marc:subfield code="0">(OCoLC)fst01411641</marc:subfield>
      </marc:datafield>
      <marc:datafield tag="994" ind1=" " ind2=" ">
         <marc:subfield code="a">92</marc:subfield>
         <marc:subfield code="b">OCACL</marc:subfield>
      </marc:datafield>
      <marc:datafield tag="955" ind1=" " ind2=" ">
         <marc:subfield code="b">39352081299901</marc:subfield>
      </marc:datafield>
   </marc:record>