
   <marc:record>
      <marc:leader>01544cas a2200445Ia 4500</marc:leader>
      <marc:controlfield tag="001">99125629060001452</marc:controlfield>
      <marc:controlfield tag="005">20220222085505.0</marc:controlfield>
      <marc:controlfield tag="008">750806d19321932nyuwn p       0   a0eng d</marc:controlfield>
      <marc:datafield tag="010" ind1=" " ind2=" ">
         <marc:subfield code="a">   36015451 </marc:subfield>
      </marc:datafield>
      <marc:datafield tag="016" ind1=" " ind2=" ">
         <marc:subfield code="a">(AMICUS)000000653244</marc:subfield>
      </marc:datafield>
      <marc:datafield tag="019" ind1=" " ind2=" ">
         <marc:subfield code="a">1032835672</marc:subfield>
      </marc:datafield>
      <marc:datafield tag="035" ind1=" " ind2=" ">
         <marc:subfield code="a">10503857</marc:subfield>
      </marc:datafield>
      <marc:datafield tag="035" ind1=" " ind2=" ">
         <marc:subfield code="a">(OCoLC)01514388</marc:subfield>
         <marc:subfield code="z">(OCoLC)1032835672</marc:subfield>
      </marc:datafield>
      <marc:datafield tag="035" ind1=" " ind2=" ">
         <marc:subfield code="a">(OCoLC)ocm01514388 </marc:subfield>
      </marc:datafield>
      <marc:datafield tag="035" ind1=" " ind2=" ">
         <marc:subfield code="a">(EXLNZ-01ALLIANCE_NETWORK)9993019380001451</marc:subfield>
      </marc:datafield>
      <marc:datafield tag="040" ind1=" " ind2=" ">
         <marc:subfield code="a">MUL</marc:subfield>
         <marc:subfield code="b">eng</marc:subfield>
         <marc:subfield code="c">MUL</marc:subfield>
         <marc:subfield code="d">IUL</marc:subfield>
         <marc:subfield code="d">OCL</marc:subfield>
         <marc:subfield code="d">OCLCQ</marc:subfield>
         <marc:subfield code="d">INU</marc:subfield>
         <marc:subfield code="d">OCLCF</marc:subfield>
         <marc:subfield code="d">SFR</marc:subfield>
         <marc:subfield code="d">NLC</marc:subfield>
         <marc:subfield code="d">OCLCA</marc:subfield>
         <marc:subfield code="d">OCLCQ</marc:subfield>
         <marc:subfield code="d">CUY</marc:subfield>
      </marc:datafield>
      <marc:datafield tag="049" ind1=" " ind2=" ">
         <marc:subfield code="a">MAIN</marc:subfield>
      </marc:datafield>
      <marc:datafield tag="050" ind1=" " ind2="4">
         <marc:subfield code="a">N1</marc:subfield>
         <marc:subfield code="b">.A865</marc:subfield>
      </marc:datafield>
      <marc:datafield tag="082" ind1="0" ind2=" ">
         <marc:subfield code="a">705</marc:subfield>
      </marc:datafield>
      <marc:datafield tag="245" ind1="0" ind2="0">
         <marc:subfield code="a">Arts weekly.</marc:subfield>
      </marc:datafield>
      <marc:datafield tag="260" ind1=" " ind2=" ">
         <marc:subfield code="a">[New York, N.Y.] :</marc:subfield>
         <marc:subfield code="b">[Arts Pub. Corp.]</marc:subfield>
      </marc:datafield>
      <marc:datafield tag="300" ind1=" " ind2=" ">
         <marc:subfield code="a">1 volume :</marc:subfield>
         <marc:subfield code="b">illustrations ;</marc:subfield>
         <marc:subfield code="c">33 cm</marc:subfield>
      </marc:datafield>
      <marc:datafield tag="310" ind1=" " ind2=" ">
         <marc:subfield code="a">Weekly (monthly during June, July, Aug. and Sept.)</marc:subfield>
      </marc:datafield>
      <marc:datafield tag="336" ind1=" " ind2=" ">
         <marc:subfield code="a">text</marc:subfield>
         <marc:subfield code="b">txt</marc:subfield>
         <marc:subfield code="2">rdacontent</marc:subfield>
      </marc:datafield>
      <marc:datafield tag="337" ind1=" " ind2=" ">
         <marc:subfield code="a">unmediated</marc:subfield>
         <marc:subfield code="b">n</marc:subfield>
         <marc:subfield code="2">rdamedia</marc:subfield>
      </marc:datafield>
      <marc:datafield tag="338" ind1=" " ind2=" ">
         <marc:subfield code="a">volume</marc:subfield>
         <marc:subfield code="b">nc</marc:subfield>
         <marc:subfield code="2">rdacarrier</marc:subfield>
      </marc:datafield>
      <marc:datafield tag="362" ind1="0" ind2=" ">
         <marc:subfield code="a">Vol. 1, no. 1 (Mar. 11, 1932)-v. 1, no. 9 (May 7, 1932).</marc:subfield>
      </marc:datafield>
      <marc:datafield tag="530" ind1=" " ind2=" ">
         <marc:subfield code="a">Also issued online.</marc:subfield>
      </marc:datafield>
      <marc:datafield tag="588" ind1=" " ind2=" ">
         <marc:subfield code="a">Vol. 1, no. 1 (March 11, 1932); title from cover.</marc:subfield>
      </marc:datafield>
      <marc:datafield tag="588" ind1="1" ind2=" ">
         <marc:subfield code="a">Vol. 1, no. 9 (May 7, 1932).</marc:subfield>
      </marc:datafield>
      <marc:datafield tag="590" ind1=" " ind2=" ">
         <marc:subfield code="a">suppress code i</marc:subfield>
         <marc:subfield code="9">LOCAL</marc:subfield>
      </marc:datafield>
      <marc:datafield tag="590" ind1=" " ind2=" ">
         <marc:subfield code="a">suppress code i</marc:subfield>
         <marc:subfield code="9">LOCAL</marc:subfield>
      </marc:datafield>
      <marc:datafield tag="590" ind1=" " ind2=" ">
         <marc:subfield code="a">suppress code i</marc:subfield>
         <marc:subfield code="9">LOCAL</marc:subfield>
      </marc:datafield>
      <marc:datafield tag="650" ind1=" " ind2="0">
         <marc:subfield code="a">Art</marc:subfield>
         <marc:subfield code="v">Periodicals.</marc:subfield>
      </marc:datafield>
      <marc:datafield tag="650" ind1=" " ind2="7">
         <marc:subfield code="a">Art.</marc:subfield>
         <marc:subfield code="2">fast</marc:subfield>
         <marc:subfield code="0">(OCoLC)fst00815177</marc:subfield>
      </marc:datafield>
      <marc:datafield tag="655" ind1=" " ind2="7">
         <marc:subfield code="a">Periodicals.</marc:subfield>
         <marc:subfield code="2">fast</marc:subfield>
         <marc:subfield code="0">(OCoLC)fst01411641</marc:subfield>
      </marc:datafield>
      <marc:datafield tag="780" ind1="0" ind2="0">
         <marc:subfield code="t">Arts (Brooklyn, N.Y.)</marc:subfield>
         <marc:subfield code="w">(DLC)  2005257197</marc:subfield>
         <marc:subfield code="w">(OCoLC)1514364</marc:subfield>
      </marc:datafield>
      <marc:datafield tag="776" ind1="0" ind2="8">
         <marc:subfield code="i">Online version:</marc:subfield>
         <marc:subfield code="t">Arts weekly</marc:subfield>
         <marc:subfield code="w">(OCoLC)563929216</marc:subfield>
      </marc:datafield>
      <marc:datafield tag="978" ind1=" " ind2=" ">
         <marc:subfield code="a">.b19925669</marc:subfield>
         <marc:subfield code="9">LOCAL</marc:subfield>
      </marc:datafield>
      <marc:datafield tag="994" ind1=" " ind2=" ">
         <marc:subfield code="a">92</marc:subfield>
         <marc:subfield code="b">OCACL</marc:subfield>
      </marc:datafield>
      <marc:datafield tag="955" ind1=" " ind2=" ">
         <marc:subfield code="b">39352081478067</marc:subfield>
      </marc:datafield>
   </marc:record>