
   <marc:record>
      <marc:leader>02101cam a2200553Ii 4500</marc:leader>
      <marc:controlfield tag="001">99162047944401452</marc:controlfield>
      <marc:controlfield tag="005">20220305120446.0</marc:controlfield>
      <marc:controlfield tag="008">881107t19201920ilua   j      000 f eng d</marc:controlfield>
      <marc:datafield tag="035" ind1=" " ind2=" ">
         <marc:subfield code="a">(OCoLC)18718579</marc:subfield>
      </marc:datafield>
      <marc:datafield tag="035" ind1=" " ind2=" ">
         <marc:subfield code="a">(OCoLC)ocm18718579 </marc:subfield>
      </marc:datafield>
      <marc:datafield tag="035" ind1=" " ind2=" ">
         <marc:subfield code="a">(EXLNZ-01ALLIANCE_NETWORK)99328510585801451</marc:subfield>
      </marc:datafield>
      <marc:datafield tag="040" ind1=" " ind2=" ">
         <marc:subfield code="a">BGU</marc:subfield>
         <marc:subfield code="b">eng</marc:subfield>
         <marc:subfield code="e">rda</marc:subfield>
         <marc:subfield code="c">BGU</marc:subfield>
         <marc:subfield code="d">OCLCG</marc:subfield>
         <marc:subfield code="d">OCLCA</marc:subfield>
         <marc:subfield code="d">OCLCQ</marc:subfield>
         <marc:subfield code="d">OCLCA</marc:subfield>
         <marc:subfield code="d">WAU</marc:subfield>
         <marc:subfield code="d">OCLCF</marc:subfield>
         <marc:subfield code="d">OCL</marc:subfield>
         <marc:subfield code="d">OCLCO</marc:subfield>
      </marc:datafield>
      <marc:datafield tag="043" ind1=" " ind2=" ">
         <marc:subfield code="a">e-fr---</marc:subfield>
      </marc:datafield>
      <marc:datafield tag="049" ind1=" " ind2=" ">
         <marc:subfield code="a">MAIN</marc:subfield>
      </marc:datafield>
      <marc:datafield tag="050" ind1=" " ind2="4">
         <marc:subfield code="a">PS3535.A428</marc:subfield>
         <marc:subfield code="b">O73</marc:subfield>
      </marc:datafield>
      <marc:datafield tag="050" ind1="1" ind2="4">
         <marc:subfield code="a">PZ7.R135</marc:subfield>
         <marc:subfield code="b">Ove 1920</marc:subfield>
      </marc:datafield>
      <marc:datafield tag="100" ind1="1" ind2=" ">
         <marc:subfield code="a">Ralphson, G. Harvey</marc:subfield>
         <marc:subfield code="q">(George Harvey),</marc:subfield>
         <marc:subfield code="d">1879-1940,</marc:subfield>
         <marc:subfield code="e">author.</marc:subfield>
      </marc:datafield>
      <marc:datafield tag="245" ind1="1" ind2="0">
         <marc:subfield code="a">Over there with the engineers at Cambrai /</marc:subfield>
         <marc:subfield code="c">by Capt. George H. Ralphson.</marc:subfield>
      </marc:datafield>
      <marc:datafield tag="264" ind1=" " ind2="1">
         <marc:subfield code="a">Chicago :</marc:subfield>
         <marc:subfield code="b">M.A. Donohue &amp; Company,</marc:subfield>
         <marc:subfield code="c">[1920]</marc:subfield>
      </marc:datafield>
      <marc:datafield tag="264" ind1=" " ind2="4">
         <marc:subfield code="c">©1920</marc:subfield>
      </marc:datafield>
      <marc:datafield tag="300" ind1=" " ind2=" ">
         <marc:subfield code="a">250 pages :</marc:subfield>
         <marc:subfield code="b">illustrations ;</marc:subfield>
         <marc:subfield code="c">20 cm.</marc:subfield>
      </marc:datafield>
      <marc:datafield tag="336" ind1=" " ind2=" ">
         <marc:subfield code="a">text</marc:subfield>
         <marc:subfield code="b">txt</marc:subfield>
         <marc:subfield code="2">rdacontent</marc:subfield>
      </marc:datafield>
      <marc:datafield tag="337" ind1=" " ind2=" ">
         <marc:subfield code="a">unmediated</marc:subfield>
         <marc:subfield code="b">n</marc:subfield>
         <marc:subfield code="2">rdamedia</marc:subfield>
      </marc:datafield>
      <marc:datafield tag="338" ind1=" " ind2=" ">
         <marc:subfield code="a">volume</marc:subfield>
         <marc:subfield code="b">nc</marc:subfield>
         <marc:subfield code="2">rdacarrier</marc:subfield>
      </marc:datafield>
      <marc:datafield tag="385" ind1=" " ind2=" ">
         <marc:subfield code="a">Teenagers</marc:subfield>
         <marc:subfield code="2">lcdgt</marc:subfield>
      </marc:datafield>
      <marc:datafield tag="386" ind1=" " ind2=" ">
         <marc:subfield code="a">Americans</marc:subfield>
         <marc:subfield code="2">lcdgt</marc:subfield>
      </marc:datafield>
      <marc:datafield tag="386" ind1=" " ind2=" ">
         <marc:subfield code="a">Men</marc:subfield>
         <marc:subfield code="2">lcdgt</marc:subfield>
      </marc:datafield>
      <marc:datafield tag="490" ind1="1" ind2=" ">
         <marc:subfield code="a">Over there series ;</marc:subfield>
         <marc:subfield code="v">5</marc:subfield>
      </marc:datafield>
      <marc:datafield tag="650" ind1=" " ind2="0">
         <marc:subfield code="a">Military engineers</marc:subfield>
         <marc:subfield code="z">France</marc:subfield>
         <marc:subfield code="v">Juvenile fiction.</marc:subfield>
      </marc:datafield>
      <marc:datafield tag="650" ind1=" " ind2="0">
         <marc:subfield code="a">World War, 1914-1918</marc:subfield>
         <marc:subfield code="x">Secret service</marc:subfield>
         <marc:subfield code="z">Germany</marc:subfield>
         <marc:subfield code="v">Juvenile fiction.</marc:subfield>
      </marc:datafield>
      <marc:datafield tag="650" ind1=" " ind2="0">
         <marc:subfield code="a">Spies</marc:subfield>
         <marc:subfield code="v">Juvenile fiction.</marc:subfield>
      </marc:datafield>
      <marc:datafield tag="650" ind1=" " ind2="7">
         <marc:subfield code="a">Military engineers.</marc:subfield>
         <marc:subfield code="2">fast</marc:subfield>
         <marc:subfield code="0">(OCoLC)fst01021162</marc:subfield>
      </marc:datafield>
      <marc:datafield tag="650" ind1=" " ind2="7">
         <marc:subfield code="a">Secret service.</marc:subfield>
         <marc:subfield code="2">fast</marc:subfield>
         <marc:subfield code="0">(OCoLC)fst01110661</marc:subfield>
      </marc:datafield>
      <marc:datafield tag="650" ind1=" " ind2="7">
         <marc:subfield code="a">Spies.</marc:subfield>
         <marc:subfield code="2">fast</marc:subfield>
         <marc:subfield code="0">(OCoLC)fst01129772</marc:subfield>
      </marc:datafield>
      <marc:datafield tag="651" ind1=" " ind2="7">
         <marc:subfield code="a">France.</marc:subfield>
         <marc:subfield code="2">fast</marc:subfield>
         <marc:subfield code="0">(OCoLC)fst01204289</marc:subfield>
      </marc:datafield>
      <marc:datafield tag="651" ind1=" " ind2="7">
         <marc:subfield code="a">Germany.</marc:subfield>
         <marc:subfield code="2">fast</marc:subfield>
         <marc:subfield code="0">(OCoLC)fst01210272</marc:subfield>
      </marc:datafield>
      <marc:datafield tag="610" ind1="1" ind2="0">
         <marc:subfield code="a">United States.</marc:subfield>
         <marc:subfield code="b">Army</marc:subfield>
         <marc:subfield code="v">Juvenile literature.</marc:subfield>
      </marc:datafield>
      <marc:datafield tag="610" ind1="1" ind2="7">
         <marc:subfield code="a">United States.</marc:subfield>
         <marc:subfield code="b">Army.</marc:subfield>
         <marc:subfield code="2">fast</marc:subfield>
         <marc:subfield code="0">(OCoLC)fst00533532</marc:subfield>
      </marc:datafield>
      <marc:datafield tag="655" ind1=" " ind2="7">
         <marc:subfield code="a">Action and adventure fiction.</marc:subfield>
         <marc:subfield code="2">fast</marc:subfield>
         <marc:subfield code="0">(OCoLC)fst01921574</marc:subfield>
      </marc:datafield>
      <marc:datafield tag="655" ind1=" " ind2="7">
         <marc:subfield code="a">Fiction.</marc:subfield>
         <marc:subfield code="2">fast</marc:subfield>
         <marc:subfield code="0">(OCoLC)fst01423787</marc:subfield>
      </marc:datafield>
      <marc:datafield tag="655" ind1=" " ind2="7">
         <marc:subfield code="a">Juvenile works.</marc:subfield>
         <marc:subfield code="2">fast</marc:subfield>
         <marc:subfield code="0">(OCoLC)fst01411637</marc:subfield>
      </marc:datafield>
      <marc:datafield tag="655" ind1=" " ind2="7">
         <marc:subfield code="a">Spy fiction.</marc:subfield>
         <marc:subfield code="2">fast</marc:subfield>
         <marc:subfield code="0">(OCoLC)fst01726748</marc:subfield>
      </marc:datafield>
      <marc:datafield tag="655" ind1=" " ind2="7">
         <marc:subfield code="a">Action and adventure fiction.</marc:subfield>
         <marc:subfield code="2">lcgft</marc:subfield>
      </marc:datafield>
      <marc:datafield tag="655" ind1=" " ind2="7">
         <marc:subfield code="a">Spy fiction.</marc:subfield>
         <marc:subfield code="2">lcgft</marc:subfield>
      </marc:datafield>
      <marc:datafield tag="647" ind1=" " ind2="7">
         <marc:subfield code="a">World War</marc:subfield>
         <marc:subfield code="d">(1914-1918)</marc:subfield>
         <marc:subfield code="2">fast</marc:subfield>
         <marc:subfield code="0">(OCoLC)fst01180746</marc:subfield>
      </marc:datafield>
      <marc:datafield tag="648" ind1=" " ind2="7">
         <marc:subfield code="a">1914-1918</marc:subfield>
         <marc:subfield code="2">fast</marc:subfield>
      </marc:datafield>
      <marc:datafield tag="830" ind1=" " ind2="0">
         <marc:subfield code="a">Over there series ;</marc:subfield>
         <marc:subfield code="v">5</marc:subfield>
      </marc:datafield>
      <marc:datafield tag="973" ind1=" " ind2=" ">
         <marc:subfield code="a">pbooks</marc:subfield>
      </marc:datafield>
      <marc:datafield tag="994" ind1=" " ind2=" ">
         <marc:subfield code="a">92</marc:subfield>
         <marc:subfield code="b">OCACL</marc:subfield>
      </marc:datafield>
      <marc:datafield tag="955" ind1=" " ind2=" ">
         <marc:subfield code="b">39352083625228</marc:subfield>
      </marc:datafield>
   </marc:record>