
   <marc:record>
      <marc:leader>01499cam a2200421Ii 4500</marc:leader>
      <marc:controlfield tag="001">99162019547701452</marc:controlfield>
      <marc:controlfield tag="005">20220219124914.0</marc:controlfield>
      <marc:controlfield tag="008">750411t19241924mauacg        000 0ceng  </marc:controlfield>
      <marc:datafield tag="010" ind1=" " ind2=" ">
         <marc:subfield code="a">   24024612 </marc:subfield>
      </marc:datafield>
      <marc:datafield tag="016" ind1="7" ind2=" ">
         <marc:subfield code="a">000814234</marc:subfield>
         <marc:subfield code="2">Uk</marc:subfield>
      </marc:datafield>
      <marc:datafield tag="035" ind1=" " ind2=" ">
         <marc:subfield code="a">(OCoLC)01268597</marc:subfield>
      </marc:datafield>
      <marc:datafield tag="035" ind1=" " ind2=" ">
         <marc:subfield code="a">(OCoLC)ocm01268597 </marc:subfield>
      </marc:datafield>
      <marc:datafield tag="035" ind1=" " ind2=" ">
         <marc:subfield code="a">(EXLNZ-01ALLIANCE_NETWORK)99147270660001451</marc:subfield>
      </marc:datafield>
      <marc:datafield tag="040" ind1=" " ind2=" ">
         <marc:subfield code="a">DLC</marc:subfield>
         <marc:subfield code="b">eng</marc:subfield>
         <marc:subfield code="e">rda</marc:subfield>
         <marc:subfield code="c">DLC</marc:subfield>
         <marc:subfield code="d">UBY</marc:subfield>
         <marc:subfield code="d">UKMGB</marc:subfield>
         <marc:subfield code="d">OCLCF</marc:subfield>
         <marc:subfield code="d">YOL</marc:subfield>
         <marc:subfield code="d">GZM</marc:subfield>
         <marc:subfield code="d">RULBL</marc:subfield>
         <marc:subfield code="d">KSU</marc:subfield>
         <marc:subfield code="d">OCLCO</marc:subfield>
         <marc:subfield code="d">OKA</marc:subfield>
         <marc:subfield code="d">WAU</marc:subfield>
         <marc:subfield code="d">OCLCA</marc:subfield>
         <marc:subfield code="d">OCLCQ</marc:subfield>
         <marc:subfield code="d">OCLCO</marc:subfield>
         <marc:subfield code="d">OCL</marc:subfield>
      </marc:datafield>
      <marc:datafield tag="042" ind1=" " ind2=" ">
         <marc:subfield code="a">premarc</marc:subfield>
      </marc:datafield>
      <marc:datafield tag="049" ind1=" " ind2=" ">
         <marc:subfield code="a">MAIN</marc:subfield>
      </marc:datafield>
      <marc:datafield tag="050" ind1="0" ind2="0">
         <marc:subfield code="a">ML390</marc:subfield>
         <marc:subfield code="b">.C83</marc:subfield>
      </marc:datafield>
      <marc:datafield tag="050" ind1="1" ind2="4">
         <marc:subfield code="a">ML390</marc:subfield>
         <marc:subfield code="b">.C83 1924</marc:subfield>
      </marc:datafield>
      <marc:datafield tag="082" ind1=" " ind2="4">
         <marc:subfield code="a">920 COX</marc:subfield>
      </marc:datafield>
      <marc:datafield tag="100" ind1="1" ind2=" ">
         <marc:subfield code="a">Cox, Alethea Crawford,</marc:subfield>
         <marc:subfield code="d">1852-1909,</marc:subfield>
         <marc:subfield code="e">author.</marc:subfield>
      </marc:datafield>
      <marc:datafield tag="245" ind1="1" ind2="0">
         <marc:subfield code="a">Pictured lives of great musicians /</marc:subfield>
         <marc:subfield code="c">by Alethea B. and Rebekah Crawford.</marc:subfield>
      </marc:datafield>
      <marc:datafield tag="264" ind1=" " ind2="1">
         <marc:subfield code="a">Boston :</marc:subfield>
         <marc:subfield code="b">C. C. Birchard &amp; Company,</marc:subfield>
         <marc:subfield code="c">[1924]</marc:subfield>
      </marc:datafield>
      <marc:datafield tag="264" ind1=" " ind2="4">
         <marc:subfield code="c">©1924.</marc:subfield>
      </marc:datafield>
      <marc:datafield tag="300" ind1=" " ind2=" ">
         <marc:subfield code="a">190 pages :</marc:subfield>
         <marc:subfield code="b">illustrations, portraits, music ;</marc:subfield>
         <marc:subfield code="c">20 cm</marc:subfield>
      </marc:datafield>
      <marc:datafield tag="336" ind1=" " ind2=" ">
         <marc:subfield code="a">text</marc:subfield>
         <marc:subfield code="b">txt</marc:subfield>
         <marc:subfield code="2">rdacontent</marc:subfield>
      </marc:datafield>
      <marc:datafield tag="337" ind1=" " ind2=" ">
         <marc:subfield code="a">unmediated</marc:subfield>
         <marc:subfield code="b">n</marc:subfield>
         <marc:subfield code="2">rdamedia</marc:subfield>
      </marc:datafield>
      <marc:datafield tag="338" ind1=" " ind2=" ">
         <marc:subfield code="a">volume</marc:subfield>
         <marc:subfield code="b">nc</marc:subfield>
         <marc:subfield code="2">rdacarrier</marc:subfield>
      </marc:datafield>
      <marc:datafield tag="505" ind1="0" ind2=" ">
         <marc:subfield code="a">Bach -- Haydn -- Mozart -- Beethoven -- Schubert -- Wagner (Parsifal)</marc:subfield>
      </marc:datafield>
      <marc:datafield tag="650" ind1=" " ind2="0">
         <marc:subfield code="a">Composers</marc:subfield>
         <marc:subfield code="v">Biography.</marc:subfield>
      </marc:datafield>
      <marc:datafield tag="650" ind1=" " ind2="0">
         <marc:subfield code="a">Musicians</marc:subfield>
         <marc:subfield code="v">Biography.</marc:subfield>
      </marc:datafield>
      <marc:datafield tag="650" ind1=" " ind2="7">
         <marc:subfield code="a">Composers.</marc:subfield>
         <marc:subfield code="2">fast</marc:subfield>
         <marc:subfield code="0">(OCoLC)fst00871620</marc:subfield>
      </marc:datafield>
      <marc:datafield tag="650" ind1=" " ind2="7">
         <marc:subfield code="a">Musicians.</marc:subfield>
         <marc:subfield code="2">fast</marc:subfield>
         <marc:subfield code="0">(OCoLC)fst01030837</marc:subfield>
      </marc:datafield>
      <marc:datafield tag="655" ind1=" " ind2="7">
         <marc:subfield code="a">Biographies.</marc:subfield>
         <marc:subfield code="2">fast</marc:subfield>
         <marc:subfield code="0">(OCoLC)fst01919896</marc:subfield>
      </marc:datafield>
      <marc:datafield tag="655" ind1=" " ind2="4">
         <marc:subfield code="a">Juvenile material.</marc:subfield>
      </marc:datafield>
      <marc:datafield tag="655" ind1=" " ind2="7">
         <marc:subfield code="a">Biographies.</marc:subfield>
         <marc:subfield code="2">lcgft</marc:subfield>
      </marc:datafield>
      <marc:datafield tag="700" ind1="1" ind2=" ">
         <marc:subfield code="a">Crawford, Rebekah,</marc:subfield>
         <marc:subfield code="d">1845-1934,</marc:subfield>
         <marc:subfield code="e">joint author.</marc:subfield>
      </marc:datafield>
      <marc:datafield tag="973" ind1=" " ind2=" ">
         <marc:subfield code="a">pbooks</marc:subfield>
      </marc:datafield>
      <marc:datafield tag="994" ind1=" " ind2=" ">
         <marc:subfield code="a">92</marc:subfield>
         <marc:subfield code="b">OCACL</marc:subfield>
      </marc:datafield>
      <marc:datafield tag="955" ind1=" " ind2=" ">
         <marc:subfield code="b">39352082023748</marc:subfield>
      </marc:datafield>
   </marc:record>