
   <marc:record>
      <marc:leader>02318cas a2200553 a 4500</marc:leader>
      <marc:controlfield tag="001">99161941504301452</marc:controlfield>
      <marc:controlfield tag="005">20220228172454.0</marc:controlfield>
      <marc:controlfield tag="008">790710d191319uudcuar        f0    0eng  </marc:controlfield>
      <marc:datafield tag="010" ind1=" " ind2=" ">
         <marc:subfield code="a">   14008115 </marc:subfield>
         <marc:subfield code="z">sn 90034231 </marc:subfield>
      </marc:datafield>
      <marc:datafield tag="012" ind1=" " ind2=" ">
         <marc:subfield code="i">9005</marc:subfield>
      </marc:datafield>
      <marc:datafield tag="016" ind1="7" ind2=" ">
         <marc:subfield code="a">21840340R</marc:subfield>
         <marc:subfield code="2">DNLM</marc:subfield>
      </marc:datafield>
      <marc:datafield tag="019" ind1=" " ind2=" ">
         <marc:subfield code="a">29652285</marc:subfield>
         <marc:subfield code="a">49432708</marc:subfield>
         <marc:subfield code="a">51394745</marc:subfield>
         <marc:subfield code="a">1090022323</marc:subfield>
         <marc:subfield code="a">1139502119</marc:subfield>
      </marc:datafield>
      <marc:datafield tag="035" ind1=" " ind2=" ">
         <marc:subfield code="a">(OCoLC)05152302</marc:subfield>
         <marc:subfield code="z">(OCoLC)29652285</marc:subfield>
         <marc:subfield code="z">(OCoLC)49432708</marc:subfield>
         <marc:subfield code="z">(OCoLC)51394745</marc:subfield>
         <marc:subfield code="z">(OCoLC)1090022323</marc:subfield>
         <marc:subfield code="z">(OCoLC)1139502119</marc:subfield>
      </marc:datafield>
      <marc:datafield tag="035" ind1=" " ind2=" ">
         <marc:subfield code="a">(OCoLC)ocm05152302 </marc:subfield>
      </marc:datafield>
      <marc:datafield tag="035" ind1=" " ind2=" ">
         <marc:subfield code="a">(EXLNZ-01ALLIANCE_NETWORK)99103325960001451</marc:subfield>
      </marc:datafield>
      <marc:datafield tag="040" ind1=" " ind2=" ">
         <marc:subfield code="a">DLC</marc:subfield>
         <marc:subfield code="b">eng</marc:subfield>
         <marc:subfield code="c">IUL</marc:subfield>
         <marc:subfield code="d">IUL</marc:subfield>
         <marc:subfield code="d">NYG</marc:subfield>
         <marc:subfield code="d">DLC</marc:subfield>
         <marc:subfield code="d">NTE</marc:subfield>
         <marc:subfield code="d">NLM</marc:subfield>
         <marc:subfield code="d">OCLCQ</marc:subfield>
         <marc:subfield code="d">KRTAS</marc:subfield>
         <marc:subfield code="d">AMAZN</marc:subfield>
         <marc:subfield code="d">OCLCQ</marc:subfield>
         <marc:subfield code="d">OCLCF</marc:subfield>
         <marc:subfield code="d">COD</marc:subfield>
         <marc:subfield code="d">OCLCO</marc:subfield>
         <marc:subfield code="d">OCLCA</marc:subfield>
         <marc:subfield code="d">OCLCQ</marc:subfield>
         <marc:subfield code="d">COD</marc:subfield>
         <marc:subfield code="d">CASUM</marc:subfield>
         <marc:subfield code="d">OCLCO</marc:subfield>
      </marc:datafield>
      <marc:datafield tag="042" ind1=" " ind2=" ">
         <marc:subfield code="a">pcc</marc:subfield>
         <marc:subfield code="a">premarc</marc:subfield>
      </marc:datafield>
      <marc:datafield tag="043" ind1=" " ind2=" ">
         <marc:subfield code="a">n-us---</marc:subfield>
      </marc:datafield>
      <marc:datafield tag="049" ind1=" " ind2=" ">
         <marc:subfield code="a">MAIN</marc:subfield>
      </marc:datafield>
      <marc:datafield tag="050" ind1="0" ind2="0">
         <marc:subfield code="a">HV741</marc:subfield>
         <marc:subfield code="b">.A3</marc:subfield>
      </marc:datafield>
      <marc:datafield tag="060" ind1="0" ind2="0">
         <marc:subfield code="a">W2 A</marc:subfield>
         <marc:subfield code="b">C53a</marc:subfield>
      </marc:datafield>
      <marc:datafield tag="082" ind1="0" ind2="4">
         <marc:subfield code="a">362.7</marc:subfield>
         <marc:subfield code="b">U48r</marc:subfield>
      </marc:datafield>
      <marc:datafield tag="086" ind1="0" ind2=" ">
         <marc:subfield code="a">L 5.1:</marc:subfield>
      </marc:datafield>
      <marc:datafield tag="110" ind1="1" ind2=" ">
         <marc:subfield code="a">United States.</marc:subfield>
         <marc:subfield code="b">Children's Bureau.</marc:subfield>
      </marc:datafield>
      <marc:datafield tag="245" ind1="1" ind2="0">
         <marc:subfield code="a">Annual report of the Chief, Children's Bureau to the Secretary of Labor.</marc:subfield>
      </marc:datafield>
      <marc:datafield tag="246" ind1="1" ind2="7">
         <marc:subfield code="a">Report of the Chief, Children's Bureau</marc:subfield>
         <marc:subfield code="f">&lt;1917-&gt;</marc:subfield>
      </marc:datafield>
      <marc:datafield tag="260" ind1=" " ind2=" ">
         <marc:subfield code="a">Washington, D.C. :</marc:subfield>
         <marc:subfield code="b">U.S. G.P.O.,</marc:subfield>
         <marc:subfield code="c">1914-</marc:subfield>
      </marc:datafield>
      <marc:datafield tag="300" ind1=" " ind2=" ">
         <marc:subfield code="a">volumes ;</marc:subfield>
         <marc:subfield code="c">23 cm</marc:subfield>
      </marc:datafield>
      <marc:datafield tag="310" ind1=" " ind2=" ">
         <marc:subfield code="a">Annual</marc:subfield>
      </marc:datafield>
      <marc:datafield tag="336" ind1=" " ind2=" ">
         <marc:subfield code="a">text</marc:subfield>
         <marc:subfield code="b">txt</marc:subfield>
         <marc:subfield code="2">rdacontent</marc:subfield>
      </marc:datafield>
      <marc:datafield tag="337" ind1=" " ind2=" ">
         <marc:subfield code="a">unmediated</marc:subfield>
         <marc:subfield code="b">n</marc:subfield>
         <marc:subfield code="2">rdamedia</marc:subfield>
      </marc:datafield>
      <marc:datafield tag="338" ind1=" " ind2=" ">
         <marc:subfield code="a">volume</marc:subfield>
         <marc:subfield code="b">nc</marc:subfield>
         <marc:subfield code="2">rdacarrier</marc:subfield>
      </marc:datafield>
      <marc:datafield tag="362" ind1="0" ind2=" ">
         <marc:subfield code="a">1913-</marc:subfield>
      </marc:datafield>
      <marc:datafield tag="515" ind1=" " ind2=" ">
         <marc:subfield code="a">Report year ends June 30.</marc:subfield>
      </marc:datafield>
      <marc:datafield tag="515" ind1=" " ind2=" ">
         <marc:subfield code="a">&lt;1917-&gt; called also &lt;5th-&gt;</marc:subfield>
      </marc:datafield>
      <marc:datafield tag="500" ind1=" " ind2=" ">
         <marc:subfield code="a">Title varies slightly.</marc:subfield>
      </marc:datafield>
      <marc:datafield tag="588" ind1=" " ind2=" ">
         <marc:subfield code="a">Latest issue consulted: 1932.</marc:subfield>
      </marc:datafield>
      <marc:datafield tag="650" ind1=" " ind2="0">
         <marc:subfield code="a">Children</marc:subfield>
         <marc:subfield code="z">United States</marc:subfield>
         <marc:subfield code="v">Periodicals.</marc:subfield>
      </marc:datafield>
      <marc:datafield tag="650" ind1=" " ind2="0">
         <marc:subfield code="a">Child welfare</marc:subfield>
         <marc:subfield code="z">United States</marc:subfield>
         <marc:subfield code="v">Periodicals.</marc:subfield>
      </marc:datafield>
      <marc:datafield tag="650" ind1="1" ind2="2">
         <marc:subfield code="a">Child Welfare.</marc:subfield>
      </marc:datafield>
      <marc:datafield tag="650" ind1=" " ind2="7">
         <marc:subfield code="a">Child welfare.</marc:subfield>
         <marc:subfield code="2">fast</marc:subfield>
         <marc:subfield code="0">(OCoLC)fst00854709</marc:subfield>
      </marc:datafield>
      <marc:datafield tag="650" ind1=" " ind2="7">
         <marc:subfield code="a">Children.</marc:subfield>
         <marc:subfield code="2">fast</marc:subfield>
         <marc:subfield code="0">(OCoLC)fst00854835</marc:subfield>
      </marc:datafield>
      <marc:datafield tag="651" ind1=" " ind2="7">
         <marc:subfield code="a">United States.</marc:subfield>
         <marc:subfield code="2">fast</marc:subfield>
         <marc:subfield code="0">(OCoLC)fst01204155</marc:subfield>
      </marc:datafield>
      <marc:datafield tag="655" ind1=" " ind2="7">
         <marc:subfield code="a">Periodicals.</marc:subfield>
         <marc:subfield code="2">fast</marc:subfield>
         <marc:subfield code="0">(OCoLC)fst01411641</marc:subfield>
      </marc:datafield>
      <marc:datafield tag="776" ind1="0" ind2="8">
         <marc:subfield code="i">Online version:</marc:subfield>
         <marc:subfield code="a">United States. Children's Bureau.</marc:subfield>
         <marc:subfield code="t">Annual report of the Chief, Children's Bureau to the Secretary of Labor</marc:subfield>
         <marc:subfield code="w">(OCoLC)557732193</marc:subfield>
      </marc:datafield>
      <marc:datafield tag="785" ind1="0" ind2="0">
         <marc:subfield code="a">United States. Children's Bureau.</marc:subfield>
         <marc:subfield code="t">Report of the Chief of the Children's Bureau</marc:subfield>
         <marc:subfield code="w">(DLC)sf 98086084</marc:subfield>
         <marc:subfield code="w">(OCoLC)21553832</marc:subfield>
      </marc:datafield>
      <marc:datafield tag="787" ind1="0" ind2="8">
         <marc:subfield code="i">Augmented by:</marc:subfield>
         <marc:subfield code="a">United States. Children's Bureau.</marc:subfield>
         <marc:subfield code="t">First regular employment certificates issued to working children in ...</marc:subfield>
         <marc:subfield code="w">(OCoLC)898212390</marc:subfield>
      </marc:datafield>
      <marc:datafield tag="850" ind1=" " ind2=" ">
         <marc:subfield code="a">DLC</marc:subfield>
         <marc:subfield code="a">N</marc:subfield>
      </marc:datafield>
      <marc:datafield tag="994" ind1=" " ind2=" ">
         <marc:subfield code="a">92</marc:subfield>
         <marc:subfield code="b">OCACL</marc:subfield>
      </marc:datafield>
      <marc:datafield tag="955" ind1=" " ind2=" ">
         <marc:subfield code="b">39352078746948</marc:subfield>
      </marc:datafield>
   </marc:record>