
   <marc:record>
      <marc:leader>00900cas a22002657i 4500</marc:leader>
      <marc:controlfield tag="001">99162063559201452</marc:controlfield>
      <marc:controlfield tag="005">20220207111303.0</marc:controlfield>
      <marc:controlfield tag="008">180213d191819uudcuuu        f0    0eng d</marc:controlfield>
      <marc:datafield tag="035" ind1=" " ind2=" ">
         <marc:subfield code="a">(OCoLC)1022950353</marc:subfield>
      </marc:datafield>
      <marc:datafield tag="035" ind1=" " ind2=" ">
         <marc:subfield code="a">(OCoLC)on1022950353</marc:subfield>
      </marc:datafield>
      <marc:datafield tag="035" ind1=" " ind2=" ">
         <marc:subfield code="a">(EXLNZ-01ALLIANCE_NETWORK)99324750593401451</marc:subfield>
      </marc:datafield>
      <marc:datafield tag="040" ind1=" " ind2=" ">
         <marc:subfield code="a">WAU</marc:subfield>
         <marc:subfield code="b">eng</marc:subfield>
         <marc:subfield code="e">rda</marc:subfield>
         <marc:subfield code="c">WAU</marc:subfield>
         <marc:subfield code="d">OCLCQ</marc:subfield>
      </marc:datafield>
      <marc:datafield tag="049" ind1=" " ind2=" ">
         <marc:subfield code="a">MAIN</marc:subfield>
      </marc:datafield>
      <marc:datafield tag="086" ind1="0" ind2=" ">
         <marc:subfield code="a">L 9.3:</marc:subfield>
      </marc:datafield>
      <marc:datafield tag="245" ind1="0" ind2="0">
         <marc:subfield code="a">Information for returning soldiers bulletin.</marc:subfield>
      </marc:datafield>
      <marc:datafield tag="264" ind1=" " ind2="1">
         <marc:subfield code="a">[Washington, D.C.?] :</marc:subfield>
         <marc:subfield code="b">Department of Labor, Information and Education Service, 1918-</marc:subfield>
      </marc:datafield>
      <marc:datafield tag="300" ind1=" " ind2=" ">
         <marc:subfield code="a">volumes</marc:subfield>
      </marc:datafield>
      <marc:datafield tag="336" ind1=" " ind2=" ">
         <marc:subfield code="a">text</marc:subfield>
         <marc:subfield code="b">txt</marc:subfield>
         <marc:subfield code="2">rdacontent</marc:subfield>
      </marc:datafield>
      <marc:datafield tag="337" ind1=" " ind2=" ">
         <marc:subfield code="a">unmediated</marc:subfield>
         <marc:subfield code="b">n</marc:subfield>
         <marc:subfield code="2">rdamedia</marc:subfield>
      </marc:datafield>
      <marc:datafield tag="338" ind1=" " ind2=" ">
         <marc:subfield code="a">volume</marc:subfield>
         <marc:subfield code="b">nc</marc:subfield>
         <marc:subfield code="2">rdacarrier</marc:subfield>
      </marc:datafield>
      <marc:datafield tag="362" ind1="1" ind2=" ">
         <marc:subfield code="a">Began with bullein no. 1.</marc:subfield>
      </marc:datafield>
      <marc:datafield tag="588" ind1="0" ind2=" ">
         <marc:subfield code="a">No. 1; title from caption.</marc:subfield>
      </marc:datafield>
      <marc:datafield tag="588" ind1="1" ind2=" ">
         <marc:subfield code="a">No. 8.</marc:subfield>
      </marc:datafield>
      <marc:datafield tag="710" ind1="1" ind2=" ">
         <marc:subfield code="a">United States.</marc:subfield>
         <marc:subfield code="b">War Labor Administration.</marc:subfield>
         <marc:subfield code="b">Information and Education Service,</marc:subfield>
         <marc:subfield code="e">issuing body.</marc:subfield>
      </marc:datafield>
      <marc:datafield tag="994" ind1=" " ind2=" ">
         <marc:subfield code="a">92</marc:subfield>
         <marc:subfield code="b">OCACL</marc:subfield>
      </marc:datafield>
      <marc:datafield tag="955" ind1=" " ind2=" ">
         <marc:subfield code="b">39352082583428</marc:subfield>
      </marc:datafield>
   </marc:record>