
   <marc:record>
      <marc:leader>01381nam a2200325Ki 4500</marc:leader>
      <marc:controlfield tag="001">99162002032901452</marc:controlfield>
      <marc:controlfield tag="005">20220206110810.0</marc:controlfield>
      <marc:controlfield tag="008">170425s1943    dcua         f000 0 eng d</marc:controlfield>
      <marc:datafield tag="035" ind1=" " ind2=" ">
         <marc:subfield code="a">(OCoLC)984131556</marc:subfield>
      </marc:datafield>
      <marc:datafield tag="035" ind1=" " ind2=" ">
         <marc:subfield code="a">(OCoLC)ocn984131556</marc:subfield>
      </marc:datafield>
      <marc:datafield tag="035" ind1=" " ind2=" ">
         <marc:subfield code="a">(EXLNZ-01ALLIANCE_NETWORK)99323295148701451</marc:subfield>
      </marc:datafield>
      <marc:datafield tag="040" ind1=" " ind2=" ">
         <marc:subfield code="a">WAU</marc:subfield>
         <marc:subfield code="b">eng</marc:subfield>
         <marc:subfield code="e">rda</marc:subfield>
         <marc:subfield code="c">WAU</marc:subfield>
         <marc:subfield code="d">OCLCO</marc:subfield>
      </marc:datafield>
      <marc:datafield tag="049" ind1=" " ind2=" ">
         <marc:subfield code="a">MAIN</marc:subfield>
      </marc:datafield>
      <marc:datafield tag="086" ind1="0" ind2=" ">
         <marc:subfield code="a">Pr 32.413/3:1829</marc:subfield>
      </marc:datafield>
      <marc:datafield tag="100" ind1="1" ind2=" ">
         <marc:subfield code="a">Duwez, Pol E.,</marc:subfield>
         <marc:subfield code="d">1907-1984,</marc:subfield>
         <marc:subfield code="e">author.</marc:subfield>
      </marc:datafield>
      <marc:datafield tag="245" ind1="1" ind2="0">
         <marc:subfield code="a">Discussion of energy measurements in tension impact tests at the California Institute of Technology /</marc:subfield>
         <marc:subfield code="c">by P.E. Duwez, D.S. Clark, and D.S. Wood.</marc:subfield>
      </marc:datafield>
      <marc:datafield tag="264" ind1=" " ind2="1">
         <marc:subfield code="a">[Washington, D.C.?] :</marc:subfield>
         <marc:subfield code="b">[National Defense Research Committee],</marc:subfield>
         <marc:subfield code="c">[1943?]</marc:subfield>
      </marc:datafield>
      <marc:datafield tag="300" ind1=" " ind2=" ">
         <marc:subfield code="a">v, 25 pages :</marc:subfield>
         <marc:subfield code="b">illustrations.</marc:subfield>
      </marc:datafield>
      <marc:datafield tag="336" ind1=" " ind2=" ">
         <marc:subfield code="a">text</marc:subfield>
         <marc:subfield code="b">txt</marc:subfield>
         <marc:subfield code="2">rdacontent</marc:subfield>
      </marc:datafield>
      <marc:datafield tag="337" ind1=" " ind2=" ">
         <marc:subfield code="a">unmediated</marc:subfield>
         <marc:subfield code="b">n</marc:subfield>
         <marc:subfield code="2">rdamedia</marc:subfield>
      </marc:datafield>
      <marc:datafield tag="338" ind1=" " ind2=" ">
         <marc:subfield code="a">volume</marc:subfield>
         <marc:subfield code="b">nc</marc:subfield>
         <marc:subfield code="2">rdacarrier</marc:subfield>
      </marc:datafield>
      <marc:datafield tag="490" ind1="1" ind2=" ">
         <marc:subfield code="a">OSRD ;</marc:subfield>
         <marc:subfield code="v">no. 1829</marc:subfield>
      </marc:datafield>
      <marc:datafield tag="490" ind1="1" ind2=" ">
         <marc:subfield code="a">Armor and ordnance report ;</marc:subfield>
         <marc:subfield code="v">no. A-217</marc:subfield>
      </marc:datafield>
      <marc:datafield tag="710" ind1="1" ind2=" ">
         <marc:subfield code="a">United States.</marc:subfield>
         <marc:subfield code="b">Office of Scientific Research and Development.</marc:subfield>
         <marc:subfield code="b">National Defense Research Committee,</marc:subfield>
         <marc:subfield code="e">issuing body.</marc:subfield>
      </marc:datafield>
      <marc:datafield tag="700" ind1="1" ind2=" ">
         <marc:subfield code="a">Clark, D. S.,</marc:subfield>
         <marc:subfield code="e">author.</marc:subfield>
      </marc:datafield>
      <marc:datafield tag="700" ind1="1" ind2=" ">
         <marc:subfield code="a">Wood, D. S.,</marc:subfield>
         <marc:subfield code="e">author.</marc:subfield>
      </marc:datafield>
      <marc:datafield tag="830" ind1=" " ind2="0">
         <marc:subfield code="a">OSRD report ;</marc:subfield>
         <marc:subfield code="v">no. 1829.</marc:subfield>
      </marc:datafield>
      <marc:datafield tag="830" ind1=" " ind2="0">
         <marc:subfield code="a">Armor and ordnance report (United States. Office of Scientific Research and Development. National Defense Research Committee. Division 2) ;</marc:subfield>
         <marc:subfield code="v">no. A-217.</marc:subfield>
      </marc:datafield>
      <marc:datafield tag="973" ind1=" " ind2=" ">
         <marc:subfield code="a">pbooks</marc:subfield>
      </marc:datafield>
      <marc:datafield tag="994" ind1=" " ind2=" ">
         <marc:subfield code="a">92</marc:subfield>
         <marc:subfield code="b">OCACL</marc:subfield>
      </marc:datafield>
      <marc:datafield tag="955" ind1=" " ind2=" ">
         <marc:subfield code="b">39352080577778</marc:subfield>
      </marc:datafield>
   </marc:record>
</marc:collection>
